%comment{This file was created with betterbib v4.0.0.}


@online{Anderson,
	author = {Anderson, Eric},
	title = {Ansible Collections: Role Tests with Molecule},
	url = {https://ericsysmin.com/2020/04/30/ansible-collections-role-tests-with-molecule/},
	urldate = {2022-04-27},
	date = {2020-04-30},
}

@unpublished{Bruening:SQ:1,
	author = {Brüning, Karsten},
	title = {Softwarequalit\"at},
	note = {SwQual\_Teil1.pdf},
	date = {2021-11-22},
}

@unpublished{Bruening:SQ:2,
	author = {Brüning, Karsten},
	title = {Softwarequalit\"at},
	note = {SwQual\_Teil2.pdf},
	date = {2021-11-22},
}

@unpublished{Bruening:SQ:3,
	author = {Brüning, Karsten},
	title = {Softwarequalit\"at},
	note = {SwQual\_Teil3.pdf},
	date = {2021-11-22},
}

@unpublished{Bruening:SQ:4,
	author = {Brüning, Karsten},
	title = {Softwarequalit\"at},
	note = {SwQual\_Teil4.pdf},
	date = {2021-11-22},
}

@unpublished{Bruening:SQ:5,
	author = {Brüning, Karsten},
	title = {Softwarequalit\"at},
	note = {SwQual\_Teil5.pdf},
	date = {2021-11-22},
}

@unpublished{Bruening:SQ:6,
	author = {Brüning, Karsten},
	title = {Softwarequalit\"at},
	note = {SwQual\_Teil6.pdf},
	date = {2021-11-22},
}

@unpublished{Bruening:SQ:7,
	author = {Brüning, Dr. Karsten},
	title = {Softwarequalit\"at},
	note = {SwQual\_Teil7.pdf},
	date = {2021-11-22},
}

@online{Geerling:Testing,
	author = {Geerling, Jeff},
	title = {Testing your Ansible roles with Molecule},
	url = {https://www.jeffgeerling.com/blog/2018/testing-your-ansible-roles-molecule},
	urldate = {2022-04-27},
	date = {2018-10-25},
}

@online{Goncharov:Nuts,
	author = {Goncharov, Lev},
	title = {How to test Ansible and don't go nuts},
	url = {https://www.goncharov.xyz/it/ansible-testing-en.html},
	urldate = {2022-04-27},
	date = {2020-03-18},
}

@online{Graebe:2005:Softwarequalitaet,
	author = {Gräbe, Prof.Dr. Hans-Gert},
	url = {http://graebe.informatik.uni-leipzig.de/Folien/sqm-05.tgz},
	urldate = {2022-05-03},
	year = {2005},
	title = {Software-Qualit\"atsmanagement},
}

@online{Kolb:MoleculeForExistingRoles,
	author = {Kolb, Dan},
	title = {Molecule for existing Ansible roles},
	date = {2018-10-03},
	url = {https://sdk.rackspace.com/blog/molecule-for-existing-roles/},
	urldate = {2022-05-09},
}

@online{Sbarnea:Blog,
	author = {Sbarnea, Sorin},
	title = {How to test my Ansible content?},
	url = {https://sbarnea.com/ansible/testing-your-code/},
	urldate = {2022-04-27},
	date = {2020-12-02},
}

@online{Sbarnea:Talk,
	author = {Sbarnea, Sorin},
	title = {Molecule notes},
	subtitle = {not a tutorial, more of a tricks session},
	url = {https://sbarnea.com/slides/molecule/#/},
	urldate = {2022-04-27},
	titleaddon = {Based on molecule v3.0.2},
}

@online{ansible:blog:adding-integration-tests-to-ansible-content-collections,
	author = {{XLAB Steampunk}},
	url = {https://www.ansible.com/blog/adding-integration-tests-to-ansible-content-collections},
	title = {Adding integration tests to Ansible Content Collections},
	urldate = {2022-04-25},
	date = {2020-06-25},
}

@online{ansible:blog:five-questions-testing-ansible-playbooks-roles,
	author = {Meyers, Chris},
	url = {https://www.ansible.com/blog/five-questions-testing-ansible-playbooks-roles},
	urldate = {2022-04-25},
	date = {2017-08-11},
	title = {Five Questions: Testing Ansible Playbooks \& Roles},
}

@online{ansible:blog:introduction-to-ansible-test,
	author = {Behl, Anshul},
	title = {Introduction to ansible-test},
	date = {2021-02-22},
	url = {https://www.ansible.com/blog/introduction-to-ansible-test},
	urldate = {2022-04-20},
}

@online{ansible:doc:test_strategies,
	author = {{Ansible project contributors}},
	shortauthor = {APC},
	url = {https://docs.ansible.com/ansible/latest/reference_appendices/test_strategies.html},
	urldate = {2022-04-20},
	title = {Testing Strategies},
}

@online{ansible:doc:user_guide:playbook_tests,
	author = {{Ansible project contributors}},
	shortauthor = {APC},
	url = {https://docs.ansible.com/ansible/latest/user_guide/playbooks_tests.html#testing-paths},
	urldate = {2022-04-25},
	title = {Tests},
}

@online{ansiblelint,
	url = {https://ansible-lint.readthedocs.io/en/latest/},
	title = {Ansible Lint Documentation},
	organization = {Ansible, Inc.},
	version = {cd323488},
	date = {2022-05-03},
	urldate = {2022-05-04},
}

@online{de:dfn:aai:main,
	url = {https://www.aai.dfn.de/},
	urldate = {2022-04-29},
	title = {DFN-AAI - Authentifikations- und Autorisierungs-Infrastruktur},
	institute = {Deutsches Forschungsnetzwerk},
}

@online{github:ansible-community:molecule:issues:3404,
	author = {sdarwin},
	title = {ANSIBLE\_ROLES\_PATH not set correctly?},
	url = {https://github.com/ansible-community/molecule/issues/3404},
	urldate = {2022-05-09},
}

@online{github:ansible-community:molecule:pull:3529,
	author = {marblenix},
	title = {Clean up runtime environment variables implementation},
	url = {https://github.com/ansible-community/molecule/pull/3529},
	urldate = {2022-05-09},
}

@online{github:ansible:ansible-compat:issues:78,
	author = {geerlingguy},
	title = {'role-name' is in skip\_list, but is not being skipped},
	urldate = {2022-05-13},
	url = {https://github.com/ansible/ansible-compat/issues/78},
}

@online{github:nickjj:rolespec,
	author = {{nickjj}},
	editor = {{leucos} and {drybjed} and {htgoebel} and {nickjj} and {ypid} and {zigarn} and {asmartin} and {GeVa2072}},
	title = {RoleSpec},
	url = {https://github.com/nylas/ansible-test/issues/14},
	urldate = {2022-05-25},
	date = {2016-11-04},
	version = {d9ee530},
}

@online{github:nylas:ansible-test,
	author = {{Sjlc} and {spang} and {woohgit} and {jerm} and {rcoh} and {lowks}},
	title = {ansible-test: Ansible Local Testing Framework},
	url = {https://github.com/nylas/ansible-test},
	urldate = {2022-05-25},
	version = {259e937},
	date = {2018-02-15},
}

@online{github:nylas:ansible-test:issue:14,
	author = {{retr0h}},
	title = {Joining forces},
	titleaddon = {\#14},
	url = {https://github.com/nylas/ansible-test/issues/14},
	urldate = {2022-05-25},
	date = {2016-10-05},
}

@online{jensheinrich:curlylint:pull:138,
	author = {Heinrich, Jens},
	url = {https://github.com/thibaudcolas/curlylint/pull/138},
	urldate = {2022-05-09},
	date = {2022-05-05},
	title = {WIP: Added a few ugly testcases},
}

@online{jinja:3.1.x:templates:tests,
	author = {Pallets},
	url = {https://jinja.palletsprojects.com/en/3.1.x/templates/\#tests},
	urldate = {2022-04-25},
	title = {Template Designer Documentation},
}

@online{jugit:dfn:aai:shibboleth:idp:README,
	author = {Meyer, Silke},
	url = {https://jugit.fz-juelich.de/dfn/dfn-aai-shibboleth-idp/-/blob/main/README.md},
	urldate = {2022-04-28},
	title = {How to use this repo to install a Shibboleth Identity Provider},
	version = {e721b1ecb127ac447c63506503ad61c60d07f32a},
	date = {2022-01-20},
}

@online{lopes:testing,
	author = {Lopes, Florian},
	url = {https://blog.florianlopes.io/testing-ansible-roles-and-playbooks-with-molecule/},
	urldate = {2022-04-25},
	date = {2020-06-15},
	title = {Testing Ansible roles and playbooks with Molecule},
	edited = {2020-07-05},
}

@online{microsoft:code_with_engineering_playbook,
	url = {https://microsoft.github.io/code-with-engineering-playbook/automated-testing/e2e-testing/testing-comparison/},
	date = {2021-04-20},
	urldate = {2022-05-02},
	title = {Unit vs Integration vs System vs E2E Testing},
	organization = {Microsoft},
}

@online{molecule:doc,
	url = {https://molecule.readthedocs.io/en/latest/index.html},
	urldate = {2022-04-25},
	date = {2022-04-25},
	version = {d62b88e2},
	title = {Ansible Molecule},
	organization = {Red Hat Inc.},
}

@online{molecule:doc:configuration,
	title = {Configuration --- Molecule Documentation},
	url = {https://molecule.readthedocs.io/en/latest/configuration.html},
	urldate = {2022-05-11},
	date = {2022-05-03},
	version = {04157c36},
	organization = {Red Hat Inc.},
}

@online{molecule:doc:examples,
	title = {Common Molecule Use Cases --- Molecule Documentation},
	url = {https://molecule.readthedocs.io/en/latest/examples.html},
	urldate = {2022-05-09},
	date = {2022-05-03},
	version = {04157c36},
	organization = {Red Hat Inc.},
}

@online{molecule:doc:faq,
	url = {https://molecule.readthedocs.io/en/latest/faq.html},
	urldate = {2022-04-25},
	date = {2022-04-25},
	version = {d62b88e2},
	title = {FAQ},
	organization = {Red Hat Inc.},
}

@online{molecule:doc:getting-started,
	title = {Getting Started Guide --- Molecule Documentation},
	url = {https://molecule.readthedocs.io/en/latest/getting-started.html},
	urldate = {2022-05-13},
	date = {2022-05-03},
	version = {04157c36},
	organization = {Red Hat Inc.},
}

@online{shibboleth:confluence:FlowsAndConfig,
	author = {ndk@internet2.edu and Cantor, Scott and peter},
	title = {FlowsAndConfig - Shibboleth Concepts - Confluence},
	date = {2019-05-08},
	url = {https://shibboleth.atlassian.net/wiki/spaces/CONCEPT/pages/928645290/FlowsAndConfig},
	urldate = {2022-05-02},
}

@online{sublimelinter,
	author = {Community, The SublimeLinter},
	title = {About SublimeLinter},
	version = {1cecc79c},
	url = {http://www.sublimelinter.com/en/v3.10.10/about.html},
	urldate = {2022-05-04},
}

@online{twitter:MeanestTA:format,
	author = {MeanestTA},
	url = {https://twitter.com/MeanestTA/status/1431505158291312641},
	date = {2021-08-28},
	urldate = {2022-04-20},
	abstract = {<blockquote class="twitter-tweet"> <p lang="en" dir="ltr"> This is basically how I format everything. My chair taught me and her chair taught her, and the two of them both have triple digit h-indexes so they must be doing something right. <a href="https://t.co/SoQD7R21V6"> pic.twitter.com/SoQD7R21V6 </a> </p> \&mdash; The Meanest TA, PhD. (@MeanestTA) <a href="https://twitter.com/MeanestTA/status/1431505158291312641?ref\_src=twsrc\%5Etfw"> August 28, 2021 </a></blockquote> <script async src="https://platform.twitter.com/widgets.js" charset="utf-8"></script>},
	alttext = {\# Introduction Tell me what you're gonna tell me \# Literature Review Tell me what everyone else told you \#\# Current Study Tell me what they're missing \# Methodology \#\# Data How did you get the data Tell me about your sample \#\# Analysis What are you going to do to the data \# Results What did the data tell you \# Discussion What did the data say, explained in a way that anyone could understand How is this relevant How can we apply these findings \# Conclusion Tell me what you told me \# Limitations What issues did you have and why are they not your fault and trivial enough that this is still publishable},
}

@online{wikipedia:en:lint,
	author = {{Wikipedia contributors}},
	title = {Lint (software) --- {Wikipedia}{,} The Free Encyclopedia},
	year = {2022},
	url = {https://en.wikipedia.org/w/index.php?title=Lint_(software)&oldid=1083855695},
	urldate = {2022-05-04},
	note = {[Online; accessed 4-May-2022]},
}

@online{yamllint,
	author = {Vergé, Adrien},
	title = {yamllint documentation --- yamllint 1.26.3 documentation},
	version = {058fef75},
	url = {https://yamllint.readthedocs.io/en/stable/},
	urldate = {2022-05-04},
}
