@misc{https://doi.org/10.48415/2021/fhw5-x128,
  doi = {10.48415/2021/FHW5-X128},

  url = {https://resolver.obvsg.at/urn:nbn:at:at-ubk:3-798},

  author = {Risch, Julian and Stoll, Anke and Wilms, Lena and Wiegand, Michael},

  language = {en},

  title = {Proceedings of the GermEval 2021 Workshop on the Identification of Toxic, Engaging, and Fact-Claiming Comments},

  publisher = {Universit√§t Klagenfurt},

  year = {2021}
}

