% Encoding: UTF-8
%comment{This file was created with betterbib v4.0.0.}

@Online{dhbw,
  author  = {{Duale Hochschule Baden-Württemberg}},
  title   = {DHBW Standorte},
  year    = {2021},
  url     = {https://www.dhbw.de/startseite},
  urldate = {2021-09-21},
}

@Online{gu:ueber,
  author  = {{Goethe-Universität Frankfurt am Main}},
  title   = {Über die Goethe-Universität},
  year    = {2020},
  url     = {https://www.uni-frankfurt.de/38072119/ueber},
  urldate = {2020-09-24},
}

@Online{ub:ueber,
  author  = {{Universitätsbibliothek Frankfurt am Main}},
  title   = {Über die Universitätsbibliothek},
  year    = {2020},
  url     = {https://www.ub.uni-frankfurt.de/ueber/},
  urldate = {2020-09-21},
}

@Comment{jabref-meta: databaseType:biblatex;}
