% Encoding: UTF-8
%comment{This file was created with betterbib v4.3.8.}


@online{ABBYY:homepage,
 author = {Abbyy},
 title = {ABBYY FineReader PDF},
 date = {2020},
 url = {https://www.abbyy.com/de/finereader/},
 urldate = {2020-09-27},
}

@online{BOAI:german,
 author = {Initiative, Budapest Open Access},
 title = {Budapest Open Access Initiative | German Translation},
 date = {2002-01-17},
 url = {https://www.budapestopenaccessinitiative.org/translations/german-translation},
 urldate = {2020-09-24},
}

@online{Korzen2020,
 author = {Korzen, Celina},
 title = {R-Scripts},
 date = {2020-09-24},
 url = {https://dev.git.ub.uni-frankfurt.de/apachzelt/ocrd-evalution-gold-standard-texts},
 urldate = {2020-09-25},
}

@online{ocrdpilot:gt,
 author = {Pachzelt, Adrian and Heinrich, Jens},
 title = {Goldstandard},
 year = {2020},
 url = {https://dev.git.ub.uni-frankfurt.de/apachzelt/ocrd-evalution-gold-standard-texts},
}

@Comment{jabref-meta: databaseType:biblatex;}
