% Encoding: UTF-8

@Online{stack:tex:lstlisting-linewrapping2019,
  title        = {lstlisting line wrapping},
  date         = {2019},
  url          = {https://tex.stackexchange.com/questions/116534/lstlisting-line-wrapping},
  urldate      = {2019-07-01},
  crossref     = {xdata:stack:tex},
  howpublished = {{TeX} -- {LaTeX}},
  keywords     = {stack, stackexchange, stack:tex, tex,tool},
  owner        = {jens},
  sortkey      = {Stackexchange},
  timestamp    = {2019-07-09},
  xdata        = {xdata:stack:tex},
}

@Online{stack_biblatex_shorthand,
  title        = {How to specify bibliography alpha key without modifying the .bst file or using BibLaTeX},
  url          = {https://tex.stackexchange.com/questions/377969/how-to-specify-bibliography-alpha-key-without-modifying-the-bst-file-or-using-b/377970#377970},
  urldate      = {2019-07-13},
  crossref     = {xdata:stack:tex},
  howpublished = {{TeX} -- {LaTeX}},
  keywords     = {stack, stackexchange, stack:tex, tex,tool},
  owner        = {jens},
  timestamp    = {2019-09-11},
  xdata        = {xdata:stack:tex},
}

@Online{stack:tex:tikz-wrong-catcode,
  url          = {https://tex.stackexchange.com/questions/15093/single-ampersand-used-with-wrong-catcode-error-using-tikz-matrix-in-beamer},
  crossref     = {xdata:stack:tex},
  howpublished = {{TeX} -- {LaTeX}},
  keywords     = {,tool},
  owner        = {jens},
  timestamp    = {2019-09-10},
  xdata        = {xdata:stack:tex},
}

@Online{stack:tex:babel-nested,
  url          = {https://tex.stackexchange.com/questions/316383/usetikzlibrarybabel-does-not-work-in-exsheets-question-environment},
  crossref     = {xdata:stack:tex},
  howpublished = {{TeX} -- {LaTeX}},
  keywords     = {,tool},
  owner        = {jens},
  timestamp    = {2019-09-10},
  xdata        = {xdata:stack:tex},
}

@Online{stack:tex:tikz-externalize-vs-list-of-figures,
  url          = {https://tex.stackexchange.com/questions/266074/tikz-externalize-vs-the-list-of-figures},
  crossref     = {xdata:stack:tex},
  howpublished = {{TeX} -- {LaTeX}},
  keywords     = {,tool},
  owner        = {jens},
  timestamp    = {2019-09-10},
  xdata        = {xdata:stack:tex},
}

@Online{stack:tex:citing-RFCs,
  title        = {Citing RFCs with biblatex - TeX - LaTeX Stack Exchange},
  url          = {https://tex.stackexchange.com/questions/59284/citing-rfcs-with-biblatex},
  urldate      = {2019-09-11},
  crossref     = {xdata:stack:tex},
  howpublished = {{TeX} -- {LaTeX}},
  keywords     = {,tool},
  owner        = {jens},
  timestamp    = {2019-09-11},
  xdata        = {xdata:stack:tex},
}

@Online{stack:tex:figures-side-by-side,
  url          = {https://tex.stackexchange.com/questions/5769/two-figures-side-by-side},
  crossref     = {xdata:stack:tex},
  howpublished = {{TeX} -- {LaTeX}},
  keywords     = {,tool},
  owner        = {jens},
  timestamp    = {2019-08-29},
  xdata        = {xdata:stack:tex},
}

@Online{stack:tex:toc-pagestyle-empty,
  url          = {https://tex.stackexchange.com/questions/5787/table-of-contents-with-page-style-empty},
  urldate      = {2019-09-08},
  crossref     = {xdata:stack:tex},
  howpublished = {{TeX} -- {LaTeX}},
  keywords     = {,tool},
  owner        = {jens},
  timestamp    = {2019-09-08},
  xdata        = {xdata:stack:tex},
}

@Online{stack:tex:shellescape-nested:comment-new-vs-provide,
  url          = {https://tex.stackexchange.com/questions/501640/shellescape-macro-nested-in-another-macro/501873\#501873},
  urldate      = {2019-07-27},
  crossref     = {xdata:stack:tex},
  howpublished = {{TeX} -- {LaTeX}},
  keywords     = {,tool},
  owner        = {jens},
  timestamp    = {2019-09-11},
  xdata        = {xdata:stack:tex},
}

@Online{stack:overflow:git-hooks,
  url       = {https://stackoverflow.com/questions/26886363/git-how-to-re-stage-the-staged-files-in-a-pre-commit-hook},
  crossref  = {xdata:stack:overflow},
  keywords  = {,tool},
  owner     = {jens},
  timestamp = {2019-09-02},
  xdata     = {xdata:stack:overflow},
}

@Online{stack:overflow:git-current-hash,
  url       = {https://stackoverflow.com/questions/949314/how-to-retrieve-the-hash-for-the-current-commit-in-git},
  crossref  = {xdata:stack:overflow},
  keywords  = {,tool},
  owner     = {jens},
  timestamp = {2019-09-05},
  xdata     = {xdata:stack:overflow},
}

@Online{stack:overflow:git-log-in-another-folder,
  url       = {https://stackoverflow.com/questions/3769137/use-git-log-command-in-another-folder},
  urldate   = {2019-08-12},
  crossref  = {xdata:stack:overflow},
  keywords  = {,tool},
  owner     = {jens},
  timestamp = {2019-09-11},
  xdata     = {xdata:stack:overflow},
}

@Online{stack:overflow:git-tag,
  url       = {https://stackoverflow.com/questions/35979642/what-is-git-tag-how-to-create-tags-how-to-checkout-git-remote-tags},
  urldate   = {2017-07-23},
  crossref  = {xdata:stack:overflow},
  keywords  = {,tool},
  owner     = {jens},
  timestamp = {2019-09-11},
  xdata     = {xdata:stack:overflow},
}

@Online{stack:tex:sustainable-referencing,
  url          = {https://tex.stackexchange.com/questions/368725/a-recommended-style-guide-for-sustainable-referencing-in-large-documents},
  crossref     = {xdata:stack:tex},
  howpublished = {{TeX} -- {LaTeX}},
  keywords     = {tool, stack, stackexchange, stack:tex, tex,tool},
  owner        = {jens},
  timestamp    = {2019-08-07},
  xdata        = {xdata:stack:tex},
  xref         = {stack:tex},
}

@Online{stack:tex:BestPractice-label,
  url          = {https://tex.stackexchange.com/questions/298250/best-practices-in-labeling-giving-labels-to-equations-theorems-items-etc},
  crossref     = {xdata:stack:tex},
  howpublished = {{TeX} -- {LaTeX}},
  keywords     = {tool, stack, stackexchange, stack:tex, tex,tool},
  owner        = {jens},
  timestamp    = {2019-08-07},
  xdata        = {xdata:stack:tex},
  xref         = {stack:tex},
}

@Online{UNDEFINEDTITLEPleaseFixMec,
  url          = {https://tex.stackexchange.com/questions/321057/how-to-write-a-chapter-before-table-of-contents},
  crossref     = {xdata:stack:tex},
  howpublished = {{TeX} -- {LaTeX}},
  keywords     = {tool, stack, stackexchange, stack:tex, tex,tool},
  owner        = {jens},
  timestamp    = {2019-08-07},
  xdata        = {xdata:stack:tex},
  xref         = {stack:tex},
}

@Online{UNDEFINEDTITLEPleaseFixMed,
  url          = {https://tex.stackexchange.com/questions/272425/is-latex-open-source},
  crossref     = {xdata:stack:tex},
  howpublished = {{TeX} -- {LaTeX}},
  keywords     = {tool, stack, stackexchange, stack:tex, tex,tool},
  owner        = {jens},
  timestamp    = {2019-08-07},
  xdata        = {xdata:stack:tex},
  xref         = {stack:tex},
}

@Online{stack:tex:biblatex-note-field,
  url          = {https://tex.stackexchange.com/questions/122877/biblatex-how-to-get-the-information-in-note-field},
  crossref     = {xdata:stack:tex},
  howpublished = {{TeX} -- {LaTeX}},
  keywords     = {tool, stack, stackexchange, stack:tex, tex,tool},
  owner        = {jens},
  timestamp    = {2019-08-08},
  xdata        = {xdata:stack:tex},
  xref         = {stack:tex},
}

@Online{stack:tex:biblatex-color-bibfile,
  author       = {Muhammad, Hammad {https://tex.stackexchange.com/users/92269/muhammad-hammad} and moewe {https://tex.stackexchange.com/users/35864/moewe}},
  title        = {Different colors for each bib file and custom prefix},
  url          = {https://tex.stackexchange.com/questions/470852/different-colors-for-each-bib-file-and-custom-prefix},
  urldate      = {2019-08-08},
  crossref     = {xdata:stack:tex},
  howpublished = {{TeX} -- {LaTeX}},
  keywords     = {tool, stack, stackexchange, stack:tex, tex,tool},
  owner        = {jens},
  timestamp    = {2019-08-08},
  xdata        = {xdata:stack:tex},
  xref         = {stack:tex},
}

@Online{stack:tex:seperating-bilbiography-by-file,
  url          = {https://tex.stackexchange.com/questions/362114/separating-bibliography-items-based-on-resource-file},
  crossref     = {xdata:stack:tex},
  howpublished = {{TeX} -- {LaTeX}},
  keywords     = {tool, stack, stackexchange, stack:tex, tex,tool},
  owner        = {jens},
  timestamp    = {2019-08-08},
  xdata        = {xdata:stack:tex},
  xref         = {stack:tex},
}

@Online{stack:tex:biblatex-multiple-bibliographies-by-file,
  url          = {https://tex.stackexchange.com/questions/35279/biblatex-multiple-bibliographies-categorised-by-different-bib-files},
  crossref     = {xdata:stack:tex},
  howpublished = {{TeX} -- {LaTeX}},
  keywords     = {tool, stack, stackexchange, stack:tex, tex,tool},
  owner        = {jens},
  timestamp    = {2019-08-08},
  xdata        = {xdata:stack:tex},
  xref         = {stack:tex},
}

@Online{stack:tex:overthinking-class,
  url          = {https://tex.stackexchange.com/questions/311533/overthinking-it-document-class-report-vs-book-for-a-thesis?noredirect=1\&lq=1},
  crossref     = {xdata:stack:tex},
  howpublished = {{TeX} -- {LaTeX}},
  keywords     = {tool, stack, stackexchange, stack:tex, tex,tool},
  owner        = {jens},
  timestamp    = {2019-08-08},
  xdata        = {xdata:stack:tex},
}

@Online{stack:tex:todonote-tikzexternalize,
  author       = {Frits},
  date         = {1800},
  url          = {https://tex.stackexchange.com/questions/42486/todonotes-and-tikzexternalize},
  crossref     = {xdata:stack:tex},
  howpublished = {{TeX} -- {LaTeX}},
  keywords     = {tool, stack, stackexchange, stack:tex, tex,tool},
  owner        = {jens},
  timestamp    = {2019-08-12},
  xdata        = {xdata:stack:tex},
}

@Online{stack:tex:split-equation,
  date         = {2008},
  url          = {https://tex.stackexchange.com/questions/3782/how-can-i-split-an-equation-over-two-or-more-lines},
  urldate      = {2019-04-02},
  crossref     = {xdata:stack:tex},
  howpublished = {{TeX} -- {LaTeX}},
  keywords     = {stack, stackexchange, stack:tex, tex,tool},
  owner        = {jens},
  timestamp    = {2019-07-09},
  xdata        = {xdata:stack:tex},
}

@Online{stack:tex:lof-with-sources,
  url          = {https://tex.stackexchange.com/questions/10887/list-of-figures-with-sources?noredirect=1\&lq=1},
  crossref     = {xdata:stack:tex},
  howpublished = {{TeX} -- {LaTeX}},
  keywords     = {,tool},
  owner        = {jens},
  timestamp    = {2019-08-27},
  xdata        = {xdata:stack:tex},
}

@Online{stack:tex:custom-strings,
  url          = {https://tex.stackexchange.com/questions/82993/how-to-change-the-name-of-document-elements-like-figure-contents-bibliogr/82994#82994},
  crossref     = {xdata:stack:tex},
  howpublished = {{TeX} -- {LaTeX}},
  keywords     = {,tool},
  owner        = {jens},
  timestamp    = {2019-08-28},
  xdata        = {xdata:stack:tex},
}

@Online{stack:tex:section-break,
  url          = {https://tex.stackexchange.com/questions/9497/start-new-page-with-each-section},
  crossref     = {xdata:stack:tex},
  howpublished = {{TeX} -- {LaTeX}},
  keywords     = {,tool},
  owner        = {jens},
  timestamp    = {2019-08-29},
  xdata        = {xdata:stack:tex},
}

@Online{stack:tex:amsthm-break,
  author       = {Meinzlein {https://tex.stackexchange.com/users/9941/meinzlein} and barbara beeton {https://tex.stackexchange.com/users/579/barbara-beeton} and Gonzalo Medina {https://tex.stackexchange.com/users/3954/gonzalo-medina}},
  title        = {Theorem environment - line break after label [duplicate]},
  date         = {2011-12-10},
  url          = {https://tex.stackexchange.com/questions/37797/theorem-environment-line-break-after-label},
  crossref     = {xdata:stack:tex},
  howpublished = {{TeX} -- {LaTeX}},
  keywords     = {,tool},
  owner        = {jens},
  timestamp    = {2019-08-29},
  xdata        = {xdata:stack:tex},
}

@Online{tex:stack:ams-numbering,
  url          = {https://tex.stackexchange.com/questions/199597/amsthm-numbering-depending-on-section-depth},
  crossref     = {xdata:stack:tex},
  howpublished = {{TeX} -- {LaTeX}},
  keywords     = {,tool},
  owner        = {jens},
  timestamp    = {2019-08-29},
  xdata        = {xdata:stack:tex},
}

@Online{stack:tex:div-operator,
  author       = {Henri Menke {https://tex.stackexchange.com/users/10995/henri-menke} and egreg {https://tex.stackexchange.com/users/4427/egreg}},
  title        = {unicode-math breaks \DeclareMathOperator},
  date         = {2013-06-06},
  url          = {https://tex.stackexchange.com/questions/117990/unicode-math-breaks-declaremathoperator},
  crossref     = {xdata:stack:tex},
  howpublished = {{TeX} -- {LaTeX}},
  keywords     = {,tool},
  owner        = {jens},
  timestamp    = {2019-08-29},
  xdata        = {xdata:stack:tex},
}

@Online{stack:tex:glossary-cases,
  url          = {https://tex.stackexchange.com/questions/178725/how-to-use-glossaries-for-different-grammatical-acronym-forms},
  crossref     = {xdata:stack:tex},
  howpublished = {{TeX} -- {LaTeX}},
  keywords     = {,tool},
  owner        = {jens},
  timestamp    = {2019-08-30},
  xdata        = {xdata:stack:tex},
}

@Online{tex:stack:splitted-in-align,
  url          = {https://tex.stackexchange.com/questions/323802/split-in-align-getting-missing-inserted-error},
  crossref     = {xdata:stack:tex},
  howpublished = {{TeX} -- {LaTeX}},
  keywords     = {,tool},
  owner        = {jens},
  timestamp    = {2019-08-30},
  xdata        = {xdata:stack:tex},
}

@Online{stack:tex:color-thm,
  author       = {thegeekgreek{https://tex.stackexchange.com/users/111338/thegeekgreek} and user31729},
  title        = {Default frame around theorems in amsart},
  date         = {2016-12-30},
  url          = {https://tex.stackexchange.com/questions/346392/default-frame-around-theorems-in-amsart},
  urldate      = {2019-09-01},
  crossref     = {xdata:stack:tex},
  howpublished = {{TeX} -- {LaTeX}},
  keywords     = {,tool},
  owner        = {jens},
  timestamp    = {2019-09-01},
  xdata        = {xdata:stack:tex},
}

@Online{stack:tex:no-acro-expansion,
  url          = {https://tex.stackexchange.com/questions/170725/glossaries-package-no-long-form-the-first-time-using-an-acronym},
  crossref     = {xdata:stack:tex},
  howpublished = {{TeX} -- {LaTeX}},
  keywords     = {,tool},
  owner        = {jens},
  timestamp    = {2019-09-02},
  xdata        = {xdata:stack:tex},
}

@Online{stack:tex:glossary-mcol-subglossaries,
  url          = {https://tex.stackexchange.com/questions/390064/use-subglossaries-and-mcoltree-for-acronyms},
  crossref     = {xdata:stack:tex},
  howpublished = {{TeX} -- {LaTeX}},
  keywords     = {,tool},
  owner        = {jens},
  timestamp    = {2019-09-03},
  xdata        = {xdata:stack:tex},
}

@Online{stack:tex:no-more-writes,
  url          = {https://tex.stackexchange.com/questions/154781/debug-no-room-for-a-new-write-problem},
  crossref     = {xdata:stack:tex},
  howpublished = {{TeX} -- {LaTeX}},
  keywords     = {,tool},
  owner        = {jens},
  timestamp    = {2019-09-03},
  xdata        = {xdata:stack:tex},
}

@Online{stack:tex:biblatex-overfull-hbox,
  author       = {pascalhein{https://tex.stackexchange.com/users/34767/pascalhein} and lockstep{https://tex.stackexchange.com/users/510/lockstep}},
  title        = {Overfull hbox in biblatex},
  date         = {2014-04-17},
  url          = {https://tex.stackexchange.com/questions/171999/overfull-hbox-in-biblatex},
  urldate      = {2019-09-04},
  crossref     = {xdata:stack:tex},
  howpublished = {{TeX} -- {LaTeX}},
  keywords     = {,tool},
  owner        = {jens},
  timestamp    = {2019-09-04},
  xdata        = {xdata:stack:tex},
}

@Online{stack:tex:biblatex-tag-bib,
  url          = {https://tex.stackexchange.com/questions/170316/nocite-for-single-bibdatasources-with-biblatex-biber},
  crossref     = {xdata:stack:tex},
  howpublished = {{TeX} -- {LaTeX}},
  keywords     = {,tool},
  owner        = {jens},
  timestamp    = {2019-09-04},
  xdata        = {xdata:stack:tex},
}

@Online{stack:tex:chapter-title-one-line,
  url          = {https://tex.stackexchange.com/questions/25030/chapter-number-and-chapter-title-in-one-line},
  crossref     = {xdata:stack:tex},
  howpublished = {{TeX} -- {LaTeX}},
  keywords     = {,tool},
  owner        = {jens},
  timestamp    = {2019-09-05},
  xdata        = {xdata:stack:tex},
}

@Online{stack:tex:extract-bibtex,
  url          = {https://tex.stackexchange.com/questions/207591/how-to-extract-bibtex-entries-as-doi-abstract-etc},
  crossref     = {xdata:stack:tex},
  howpublished = {{TeX} -- {LaTeX}},
  keywords     = {,tool},
  owner        = {jens},
  timestamp    = {2019-09-05},
  xdata        = {xdata:stack:tex},
}

@Online{stack:tex:shellescape-nested,
  url          = {https://tex.stackexchange.com/questions/501640/shellescape-macro-nested-in-another-macro?noredirect\=1\#comment1266953\_501640},
  urldate      = {2019-07-27},
  crossref     = {xdata:stack:tex},
  howpublished = {{TeX} -- {LaTeX}},
  keywords     = {,tool},
  owner        = {jens},
  timestamp    = {2019-09-06},
  xdata        = {xdata:stack:tex},
}

@Online{stack:tex:input-from-web,
  url          = {https://tex.stackexchange.com/questions/249567/is-it-possible-to-input-a-file-from-the-web},
  urldate      = {2019-07-23},
  crossref     = {xdata:stack:tex},
  howpublished = {{TeX} -- {LaTeX}},
  keywords     = {,tool},
  owner        = {jens},
  timestamp    = {2019-09-06},
  xdata        = {xdata:stack:tex},
}

@Online{stack:tex:immediate-write,
  url          = {https://tex.stackexchange.com/questions/20444/what-are-immediate-write18-and-how-does-one-use-them},
  urldate      = {2019-08-12},
  crossref     = {xdata:stack:tex},
  howpublished = {{TeX} -- {LaTeX}},
  keywords     = {,tool},
  owner        = {jens},
  timestamp    = {2019-09-11},
  xdata        = {xdata:stack:tex},
}

@Online{stack:tex:xparse-passing-arguments,
  url          = {https://tex.stackexchange.com/questions/188313/passing-arguments-using-xparse},
  urldate      = {2019-07-27},
  crossref     = {xdata:stack:tex},
  howpublished = {{TeX} -- {LaTeX}},
  keywords     = {,tool},
  owner        = {jens},
  timestamp    = {2019-09-11},
  xdata        = {xdata:stack:tex},
}

@Online{stack:tex:multiple-optional-arguments,
  url          = {https://tex.stackexchange.com/questions/448542/how-to-define-a-command-with-two-optional-arguments},
  urldate      = {2019-07-27},
  crossref     = {xdata:stack:tex},
  howpublished = {{TeX} -- {LaTeX}},
  keywords     = {,tool},
  owner        = {jens},
  timestamp    = {2019-09-11},
  xdata        = {xdata:stack:tex},
}

@Online{stack:tex:more-than-one-option,
  url          = {https://tex.stackexchange.com/questions/29973/more-than-one-optional-argument-for-newcommand},
  urldate      = {2019-07-27},
  crossref     = {xdata:stack:tex},
  howpublished = {{TeX} -- {LaTeX}},
  keywords     = {,tool},
  owner        = {jens},
  timestamp    = {2019-09-11},
  xdata        = {xdata:stack:tex},
}

@Online{stack:tex:behaviour-optional-args,
  url          = {https://tex.stackexchange.com/questions/308/different-command-definitions-with-and-without-optional-argument/2925\#2925},
  urldate      = {2019-07-27},
  crossref     = {xdata:stack:tex},
  howpublished = {{TeX} -- {LaTeX}},
  keywords     = {,tool},
  owner        = {jens},
  timestamp    = {2019-09-11},
  xdata        = {xdata:stack:tex},
}

@Online{stack:tex:bib2gls-multiple-glossaries,
  url          = {https://tex.stackexchange.com/questions/473744/manage-multiple-glossaries-in-one-bib-file},
  crossref     = {xdata:stack:tex},
  howpublished = {{TeX} -- {LaTeX}},
  keywords     = {,tool},
  owner        = {jens},
  timestamp    = {2019-09-06},
  xdata        = {xdata:stack:tex},
}

@Online{stack:tex:latexmk-external,
  author       = {Stefan Waldmann {https://tex.stackexchange.com/users/12165/stefan-waldmann} and https://tex.stackexchange.com/users/17427/cybersingularity},
  title        = {latexmk with external references},
  date         = {2012-07-04},
  url          = {https://tex.stackexchange.com/questions/62142/latexmk-with-external-references},
  urldate      = {2019-09-08},
  crossref     = {xdata:stack:tex},
  howpublished = {{TeX} -- {LaTeX}},
  keywords     = {,tool},
  owner        = {jens},
  timestamp    = {2019-09-08},
  xdata        = {xdata:stack:tex},
}

@Online{stack:tex:passoptiontopackage,
  url          = {https://tex.stackexchange.com/questions/385895/how-to-make-passoptionstopackage-add-the-option-as-the-last-option},
  urldate      = {2019-08-11},
  crossref     = {xdata:stack:tex},
  howpublished = {{TeX} -- {LaTeX}},
  keywords     = {tool, stack, stackexchange, stack:tex, tex,tool},
  owner        = {jens},
  timestamp    = {2019-08-11},
  xdata        = {xdata:stack:tex},
}

@Online{Overthin62:online,
  title        = {Overthinking it: document class report vs book for a thesis - TeX - LaTeX Stack Exchange},
  url          = {https://tex.stackexchange.com/questions/311533/overthinking-it-document-class-report-vs-book-for-a-thesis?noredirect=1\&lq=1},
  urldate      = {2019-08-08},
  crossref     = {xdata:stack:tex},
  howpublished = {{TeX} -- {LaTeX}},
  keywords     = {tool, stack, stackexchange, stack:tex, tex,tool},
  owner        = {jens},
  timestamp    = {2019-08-08},
  xdata        = {xdata:stack:tex},
}

@Online{komascri85:online,
  title        = {koma script - Regarding the `book`, `report`, and `article` document classes: what are the main differences? - TeX - LaTeX Stack Exchange},
  url          = {https://tex.stackexchange.com/questions/36988/regarding-the-book-report-and-article-document-classes-what-are-the-mai},
  urldate      = {2019-08-08},
  crossref     = {xdata:stack:tex},
  howpublished = {{TeX} -- {LaTeX}},
  keywords     = {tool, stack, stackexchange, stack:tex, tex,tool},
  owner        = {jens},
  timestamp    = {2019-08-08},
  xdata        = {xdata:stack:tex},
}

@Online{licensin88:online,
  title        = {licensing - package to include the software license - TeX - LaTeX Stack Exchange},
  url          = {https://tex.stackexchange.com/questions/419313/package-to-include-the-software-license},
  urldate      = {2019-08-08},
  crossref     = {xdata:stack:tex},
  howpublished = {{TeX} -- {LaTeX}},
  keywords     = {tool, stack, stackexchange, stack:tex, tex,tool},
  owner        = {jens},
  timestamp    = {2019-08-08},
  xdata        = {xdata:stack:tex},
}

@Online{stack:tex:NAASIHow,
  author       = {NAASI},
  title        = {How to change color of \underbrace{.}},
  year         = {1800},
  url          = {https://tex.stackexchange.com/questions/261315/how-to-change-color-of-underbrace},
  urldate      = {2019-08-10},
  crossref     = {xdata:stack:tex},
  howpublished = {{TeX} -- {LaTeX}},
  keywords     = {tool, stack, stackexchange, stack:tex, tex,tool},
  owner        = {jens},
  timestamp    = {2019-08-10},
  xdata        = {xdata:stack:tex},
}

@Online{gvgramazioWhat,
  author       = {gvgramazio},
  title        = {What is the difference between “-” and “--” in text mode? [duplicate]},
  year         = {1800},
  url          = {https://tex.stackexchange.com/questions/434604/what-is-the-difference-between-and-in-text-mode},
  urldate      = {2019-08-10},
  crossref     = {xdata:stack:tex},
  howpublished = {{TeX} -- {LaTeX}},
  keywords     = {tool, stack, stackexchange, stack:tex, tex,tool},
  owner        = {jens},
  timestamp    = {2019-08-10},
  xdata        = {xdata:stack:tex},
}

@Online{HafizTo,
  author       = {Shamim Hafiz},
  title        = {To Imply a Dash and not Minus Sign in Math Mode},
  year         = {1800},
  url          = {https://tex.stackexchange.com/questions/98149/to-imply-a-dash-and-not-minus-sign-in-math-mode},
  urldate      = {2019-08-10},
  crossref     = {xdata:stack:tex},
  howpublished = {{TeX} -- {LaTeX}},
  keywords     = {mathmode, dash, stackexchange, tool, stack, stackexchange, stack:tex, tex,tool},
  owner        = {jens},
  timestamp    = {2019-08-10},
  xdata        = {xdata:stack:tex},
}

@Online{t2k32316Using,
  author       = {t2k32316},
  title        = {Using \cite with biber inside tikzpictures},
  year         = {1800},
  url          = {https://tex.stackexchange.com/questions/380408/using-cite-with-biber-inside-tikzpictures},
  urldate      = {2019-08-11},
  crossref     = {xdata:stack:tex},
  howpublished = {{TeX} -- {LaTeX}},
  keywords     = {tool, stack, stackexchange, stack:tex, tex, biber, biblatex, bibliography,tool},
  owner        = {jens},
  timestamp    = {2019-08-11},
  xdata        = {xdata:stack:tex},
}

@Online{katangIs,
  author       = {katang},
  title        = {Is it possible to use glossary recursively?},
  year         = {1800},
  url          = {https://tex.stackexchange.com/questions/335502/is-it-possible-to-use-glossary-recursively},
  urldate      = {2019-08-11},
  crossref     = {xdata:stack:tex},
  howpublished = {{TeX} -- {LaTeX}},
  keywords     = {tool, stack, stackexchange, stack:tex, tex,tool},
  owner        = {jens},
  timestamp    = {2019-08-11},
  xdata        = {xdata:stack:tex},
}

@Online{EngBIRDNested,
  author       = {EngBIRD},
  title        = {Nested conditional glossary terms using Glossaries \\ifglsused in \\newglossaryentry},
  year         = {1800},
  url          = {https://tex.stackexchange.com/questions/228904/nested-conditional-glossary-terms-using-glossaries-ifglsused-in-newglossaryent},
  urldate      = {2019-08-11},
  crossref     = {xdata:stack:tex},
  howpublished = {{TeX} -- {LaTeX}},
  keywords     = {tool, stack, stackexchange, stack:tex, tex,tool},
  owner        = {jens},
  timestamp    = {2019-08-11},
  xdata        = {xdata:stack:tex},
}

@Online{stack:tex:sudosenseiIntegrating,
  author       = {sudosensei},
  title        = {Integrating latexmk and TikZ external mode=list and make},
  year         = {1800},
  url          = {https://tex.stackexchange.com/questions/145501/integrating-latexmk-and-tikz-external-mode-list-and-make},
  urldate      = {2019-08-12},
  crossref     = {xdata:stack:tex},
  howpublished = {{TeX} -- {LaTeX}},
  keywords     = {tool, stack, stackexchange, stack:tex, tex,tool},
  owner        = {jens},
  timestamp    = {2019-08-12},
  xdata        = {xdata:stack:tex},
}

@Online{stack:tex:RubensAutomated,
  author       = {Peter Paul Rubens},
  title        = {Automated document generation with \tikzexternalize[mode=list and make]},
  year         = {1800},
  url          = {https://tex.stackexchange.com/questions/444138/automated-document-generation-with-tikzexternalizemode-list-and-make},
  urldate      = {2019-08-12},
  crossref     = {xdata:stack:tex},
  howpublished = {{TeX} -- {LaTeX}},
  keywords     = {tool, stack, stackexchange, stack:tex, tex,tool},
  owner        = {jens},
  timestamp    = {2019-08-12},
  xdata        = {xdata:stack:tex},
}

@Online{caustictodonotes,
  author       = {caustic},
  title        = {todonotes breaks pgfplots and tikz spy with externalization},
  year         = {1800},
  url          = {https://tex.stackexchange.com/questions/442655/todonotes-breaks-pgfplots-and-tikz-spy-with-externalization},
  urldate      = {2019-08-12},
  crossref     = {xdata:stack:tex},
  howpublished = {{TeX} -- {LaTeX}},
  keywords     = {tool, stack, stackexchange, stack:tex, tex,tool},
  owner        = {jens},
  timestamp    = {2019-08-12},
  xdata        = {xdata:stack:tex},
}

@Online{RobinautMultiple,
  author       = {Robinaut},
  title        = {Multiple labels in aligned environment},
  year         = {1800},
  url          = {https://tex.stackexchange.com/questions/103891/multiple-labels-in-aligned-environment},
  urldate      = {2019-08-12},
  crossref     = {xdata:stack:tex},
  howpublished = {{TeX} -- {LaTeX}},
  keywords     = {tool, stack, stackexchange, stack:tex, tex,tool},
  owner        = {jens},
  timestamp    = {2019-08-12},
  xdata        = {xdata:stack:tex},
}

@Online{stack:tex:stack_linebreaks,
  author       = {bollchen},
  title        = {Good-looking line breaks with the listings package - Bollchen.de},
  url          = {https://tex.stackexchange.com/questions/116534/lstlisting-line-wrapping},
  urldate      = {2019-07-01},
  crossref     = {xdata:stack:tex},
  howpublished = {{TeX} -- {LaTeX}},
  keywords     = {stack, stackexchange, stack:tex, tex,tool},
  owner        = {jens},
  timestamp    = {2019-08-13},
  xdata        = {xdata:stack:tex},
}

@Online{stack:tex:listing-line-wrapping,
  url          = {https://tex.stackexchange.com/questions/116534/lstlisting-line-wrapping},
  crossref     = {xdata:stack:tex},
  howpublished = {{TeX} -- {LaTeX}},
  keywords     = {stack, stackexchange, stack:tex, tex,tool},
  owner        = {jens},
  sortkey      = {STACKEXCHANGE},
  timestamp    = {2019-07-09},
  xdata        = {xdata:stack:tex},
}

@Online{stack:tex:macro_vs_accents,
  url          = {https://tex.stackexchange.com/questions/106724/are-there-any-downsides-to-using-macros-to-avoid-typing-accents},
  crossref     = {xdata:stack:tex},
  howpublished = {{TeX} -- {LaTeX}},
  keywords     = {stack, stackexchange, stack:tex, tex,tool},
  owner        = {jens},
  sortkey      = {STACKEXCHANGE},
  timestamp    = {2019-07-09},
  xdata        = {xdata:stack:tex},
}

@Online{stack:tex:tooltips,
  url          = {https://tex.stackexchange.com/questions/155518/tooltip-that-works-with-all-pdf-readers/164186},
  crossref     = {xdata:stack:tex},
  howpublished = {{TeX} -- {LaTeX}},
  keywords     = {stack, stackexchange, stack:tex, tex,tool},
  owner        = {jens},
  sortkey      = {STACKEXCHANGE},
  timestamp    = {2019-07-09},
  xdata        = {xdata:stack:tex},
}

@Online{stack:tex:remove-bookmarks,
  title        = {how-to-remove-bookmarks-from-you-pdf-latex-file},
  url          = {https://tex.stackexchange.com/questions/133303/how-to-remove-bookmarks-from-you-pdf-latex-file},
  crossref     = {xdata:stack:tex},
  howpublished = {{TeX} -- {LaTeX}},
  keywords     = {stack, stackexchange, stack:tex, tex,tool},
  owner        = {jens},
  sortkey      = {STACKEXCHANGE},
  timestamp    = {2019-07-09},
  xdata        = {xdata:stack:tex},
}

@Online{stack:tex:wedge-power-symbol,
  title        = {wedge-power-symbol},
  url          = {https://tex.stackexchange.com/questions/61637/wedge-power-symbol},
  crossref     = {xdata:stack:tex},
  howpublished = {{TeX} -- {LaTeX}},
  keywords     = {stack, stackexchange, stack:tex, tex,tool},
  owner        = {jens},
  sortkey      = {STACKEXCHANGE},
  timestamp    = {2019-07-09},
  xdata        = {xdata:stack:tex},
}

@Online{stack:tex:super-sub-script,
  url          = {https://tex.stackexchange.com/questions/11542/left-and-right-subscript-superscript},
  crossref     = {xdata:stack:tex},
  howpublished = {{TeX} -- {LaTeX}},
  keywords     = {stack, stackexchange, stack:tex, tex,tool},
  owner        = {jens},
  sortkey      = {STACKEXCHANGE},
  timestamp    = {2019-07-09},
  xdata        = {xdata:stack:tex},
}

@Online{stack:tex:practices_mailinglists,
  author       = {???},
  title        = {biblatex - How should I reference a message from a mailing list?},
  date         = {2019},
  url          = {https://tex.stackexchange.com/questions/360339/how-should-i-reference-a-message-from-a-mailing-list},
  crossref     = {xdata:stack:tex},
  howpublished = {{TeX} -- {LaTeX}},
  keywords     = {stack, stackexchange, stack:tex, tex,tool},
  owner        = {jens},
  timestamp    = {2019-07-09},
  xdata        = {xdata:stack:tex},
}

@Online{stack:tex:todolist,
  author       = {Corneli, Joe {https://tex.stackexchange.com/users/4357/joe-corneli} and jaykeno{https://tex.stackexchange.com/users/79197/jaykeno}},
  title        = {How to create checkbox todo list?},
  url          = {https://tex.stackexchange.com/a/313337},
  crossref     = {xdata:stack:tex},
  howpublished = {{TeX} -- {LaTeX}},
  keywords     = {stack, stackexchange, stack:tex, tex,tool},
  owner        = {jens},
  timestamp    = {2019-07-09},
  xdata        = {xdata:stack:tex},
}

@Online{stack_bibtex_MWE,
  title        = {How to use biber},
  url          = {https://tex.stackexchange.com/questions/26516/how-to-use-biber},
  crossref     = {xdata:stack:tex},
  howpublished = {{TeX} -- {LaTeX}},
  keywords     = {stack, stackexchange, stack:tex, tex, biber, biblatex, bibliography,tool},
  owner        = {jens},
  timestamp    = {2019-07-09},
  xdata        = {xdata:stack:tex},
}

@Online{stack:tex:HawkHow,
  author       = {Hawk},
  title        = {How do I put text over symbols?},
  date         = {2012-09-25},
  url          = {https://tex.stackexchange.com/questions/74125/how-do-i-put-text-over-symbols},
  urldate      = {2019-07-14},
  crossref     = {xdata:stack:tex},
  howpublished = {{TeX} -- {LaTeX}},
  keywords     = {stack, stackexchange, stack:tex, tex,tool},
  label        = {stack_overset},
  owner        = {jens},
  timestamp    = {2019-08-13},
  xdata        = {xdata:stack:tex},
}

@Online{stack_tikzcd,
  author       = {tattwamasi amrutam},
  title        = {How to make a commutative diagram using tikz-cd?},
  date         = {1800},
  url          = {https://tex.stackexchange.com/questions/402572/how-to-make-a-commutative-diagram-using-tikz-cd},
  urldate      = {2019-07-14},
  crossref     = {xdata:stack:tex},
  howpublished = {{TeX} -- {LaTeX}},
  keywords     = {stack, stackexchange, stack:tex, tex,tool},
  owner        = {jens},
  timestamp    = {2019-08-13},
  xdata        = {xdata:stack:tex},
}

@Online{stack_tikzcd_dotted,
  author       = {SoftTimur},
  title        = {How to draw a line of dots in tikz?},
  date         = {1800},
  url          = {https://tex.stackexchange.com/questions/25642/how-to-draw-a-line-of-dots-in-tikz},
  urldate      = {2019-07-14},
  crossref     = {xdata:stack:tex},
  howpublished = {{TeX} -- {LaTeX}},
  keywords     = {stack, stackexchange, stack:tex, tex,tool},
  owner        = {jens},
  timestamp    = {2019-08-13},
  xdata        = {xdata:stack:tex},
}

@Online{superhuman1314How,
  author       = {superhuman1314},
  title        = {How to use itemize in Table environment},
  date         = {2013-12-19},
  url          = {https://tex.stackexchange.com/questions/150492/how-to-use-itemize-in-table-environment},
  urldate      = {2019-07-18},
  crossref     = {xdata:stack:tex},
  howpublished = {{TeX} -- {LaTeX}},
  keywords     = {stack, stackexchange, stack:tex, tex,tool},
  owner        = {jens},
  timestamp    = {2019-08-13},
  xdata        = {xdata:stack:tex},
}

@Online{Mr.EUUnderstanding,
  author       = {Mr.EU},
  title        = {Understanding Abbreviation using Jabref and biblatex},
  date         = {2018-03-14},
  url          = {https://tex.stackexchange.com/questions/420103/understanding-abbreviation-using-jabref-and-biblatex},
  urldate      = {2019-07-21},
  crossref     = {xdata:stack:tex},
  howpublished = {{TeX} -- {LaTeX}},
  keywords     = {stack, stackexchange, stack:tex, tex,tool},
  owner        = {jens},
  timestamp    = {2019-08-13},
  xdata        = {xdata:stack:tex},
}

@Online{stack:tex:xenCite,
  author       = {xen},
  title        = {Cite in theorem environment argument},
  date         = {2011-03-20},
  url          = {https://tex.stackexchange.com/questions/13945/cite-in-theorem-environment-argument},
  urldate      = {2019-07-22},
  crossref     = {xdata:stack:tex},
  howpublished = {{TeX} -- {LaTeX}},
  keywords     = {stack, stackexchange, stack:tex, tex,tool},
  owner        = {jens},
  timestamp    = {2019-08-13},
  xdata        = {xdata:stack:tex},
}

@Online{stack:tex:abbrevs1,
  title        = {best practices - Are there any downsides to using macros to avoid typing accents?},
  date         = {2019},
  url          = {https://tex.stackexchange.com/questions/106724/are-there-any-downsides-to-using-macros-to-avoid-typing-accents},
  urldate      = {2019-03-04},
  crossref     = {xdata:stack:tex},
  howpublished = {{TeX} -- {LaTeX}},
  keywords     = {stack, stackexchange, stack:tex, tex,tool},
  owner        = {jens},
  sortkey      = {Stackexchange},
  timestamp    = {2019-07-09},
  xdata        = {xdata:stack:tex},
}

@Online{practices_tooltips,
  author       = {???},
  title        = {pdfcomment - Tooltip that works with all pdf readers},
  date         = {2019},
  url          = {https://tex.stackexchange.com/questions/155518/tooltip-that-works-with-all-pdf-readers/164186},
  urldate      = {2019-03-05},
  crossref     = {xdata:stack:tex},
  howpublished = {{TeX} -- {LaTeX}},
  keywords     = {stack, stackexchange, stack:tex, tex,tool},
  owner        = {jens},
  sortkey      = {Stackexchange},
  timestamp    = {2019-07-09},
  xdata        = {xdata:stack:tex},
}

@Online{stack:tex:practices_bookmarks,
  author       = {???},
  title        = {biblatex - How to remove bookmarks from you pdf latex file?},
  date         = {2019},
  url          = {https://tex.stackexchange.com/questions/133303/how-to-remove-bookmarks-from-you-pdf-latex-file},
  urldate      = {2019-03-05},
  crossref     = {xdata:stack:tex},
  howpublished = {{TeX} -- {LaTeX}},
  keywords     = {stack, stackexchange, stack:tex, tex,tool},
  owner        = {jens},
  sortkey      = {Stackexchange},
  timestamp    = {2019-07-09},
  xdata        = {xdata:stack:tex},
}

@Online{exterior_algebra2,
  author       = {STACKEXCHANGE},
  title        = {Wedge Power symbol},
  date         = {2019},
  url          = {https://tex.stackexchange.com/questions/61637/wedge-power-symbol},
  urldate      = {2019-03-06},
  crossref     = {xdata:stack:tex},
  howpublished = {{TeX} -- {LaTeX}},
  keywords     = {stack, stackexchange, stack:tex, tex,tool},
  owner        = {jens},
  sortkey      = {Mathoverflow},
  timestamp    = {2019-07-09},
  xdata        = {xdata:stack:tex},
}

@Online{stack:tex:practices_leftsuperscript,
  author       = {PEV},
  title        = {biblatex - Left and right subscript / superscript},
  date         = {2011-02-20},
  url          = {https://tex.stackexchange.com/questions/11542/left-and-right-subscript-superscript},
  urldate      = {2019-03-09},
  crossref     = {xdata:stack:tex},
  howpublished = {{TeX} -- {LaTeX}},
  keywords     = {stack, stackexchange, stack:tex, tex,tool},
  owner        = {jens},
  sortkey      = {Stackexchange},
  timestamp    = {2019-07-09},
  xdata        = {xdata:stack:tex},
}

@Online{practices_multilinemath,
  url          = {https://tex.stackexchange.com/questions/3782/how-can-i-split-an-equation-over-two-or-more-lines},
  crossref     = {xdata:stack:tex},
  howpublished = {{TeX} -- {LaTeX}},
  keywords     = {stack, stackexchange, stack:tex, tex,tool},
  owner        = {jens},
  sortkey      = {STACKEXCHANGE},
  timestamp    = {2019-07-09},
  xdata        = {xdata:stack:tex},
}

@Online{stack_literature_url_linebreak,
  url          = {https://tex.stackexchange.com/a/134281},
  crossref     = {xdata:stack:tex},
  howpublished = {{TeX} -- {LaTeX}},
  keywords     = {stack, stackexchange, stack:tex, tex,tool},
  owner        = {jens},
  sortkey      = {STACKEXCHANGE},
  timestamp    = {2019-07-09},
  xdata        = {xdata:stack:tex},
}

@Online{practices_equation,
  url          = {https://tex.stackexchange.com/questions/321/align-vs-equation#comment354476_154968},
  crossref     = {xdata:stack:tex},
  howpublished = {{TeX} -- {LaTeX}},
  keywords     = {stack, stackexchange, stack:tex, tex,tool},
  owner        = {jens},
  sortkey      = {STACKEXCHANGE},
  timestamp    = {2019-07-09},
  xdata        = {xdata:stack:tex},
}

@Online{stack:tex:newbieDifference,
  author       = {newbie},
  title        = {Difference between bookmark levels greater than one - what does this mean?},
  year         = {1800},
  date         = {1800},
  url          = {https://tex.stackexchange.com/questions/52576/difference-between-bookmark-levels-greater-than-one-what-does-this-mean},
  urldate      = {2019-07-31},
  crossref     = {xdata:stack:tex},
  howpublished = {{TeX} -- {LaTeX}},
  keywords     = {stack, stackexchange, stack:tex, tex,tool},
  owner        = {jens},
  timestamp    = {2019-07-31},
  xdata        = {xdata:stack:tex},
}

@Online{stack:tex:studentinput,
  author       = {student},
  title        = {and absolute paths},
  date         = {1800},
  url          = {https://tex.stackexchange.com/questions/21904/input-and-absolute-paths},
  urldate      = {2019-07-31},
  crossref     = {xdata:stack:tex},
  howpublished = {{TeX} -- {LaTeX}},
  keywords     = {stack, stackexchange, stack:tex, tex,tool},
  owner        = {jens},
  timestamp    = {2019-07-31},
  xdata        = {xdata:stack:tex},
}

@Online{stack:tex:AHow,
  author       = {{Michael A}{https://tex.stackexchange.com/users/41317/michael-a} and {wklchris}{https://tex.stackexchange.com/users/116054/wklchris}},
  title        = {How do I escape an underscore in the caption of a code listing, within a macro?},
  date         = {2018-04-25},
  url          = {https://tex.stackexchange.com/questions/428537/how-do-i-escape-an-underscore-in-the-caption-of-a-code-listing-within-a-macro},
  urldate      = {2019-07-31},
  crossref     = {xdata:stack:tex},
  howpublished = {{TeX} -- {LaTeX}},
  keywords     = {stack, stackexchange, stack:tex, tex,tool},
  owner        = {jens},
  timestamp    = {2019-07-31},
  xdata        = {xdata:stack:tex},
}

@Online{stack:tex:cosmicragaDefining,
  author       = {cosmicraga},
  title        = {Defining plural form for glossaries entries},
  date         = {1800},
  url          = {https://tex.stackexchange.com/questions/128396/defining-plural-form-for-glossaries-entries},
  urldate      = {2019-08-01},
  crossref     = {xdata:stack:tex},
  howpublished = {{TeX} -- {LaTeX}},
  keywords     = {stack, stackexchange, stack:tex, tex,tool},
  owner        = {jens},
  timestamp    = {2019-08-01},
  xdata        = {xdata:stack:tex},
}

@Online{HemantiHow,
  author       = {Hemanti},
  title        = {How to use glossaries for different grammatical acronym forms?},
  year         = {2014-05-17},
  url          = {https://tex.stackexchange.com/questions/178725/how-to-use-glossaries-for-different-grammatical-acronym-forms},
  urldate      = {2019-08-02},
  crossref     = {xdata:stack:tex},
  howpublished = {{TeX} -- {LaTeX}},
  keywords     = {stack, stackexchange, stack:tex, tex,tool},
  owner        = {jens},
  timestamp    = {2019-08-02},
  xdata        = {xdata:stack:tex},
}

@Online{stack:tex:meep.meepCustomizing,
  author       = {meep.meep},
  title        = {Customizing the first use of acronyms generated by glossaries},
  year         = {2011-03-22},
  url          = {https://tex.stackexchange.com/questions/14065/customizing-the-first-use-of-acronyms-generated-by-glossaries},
  urldate      = {2019-08-02},
  crossref     = {xdata:stack:tex},
  howpublished = {{TeX} -- {LaTeX}},
  keywords     = {stack, stackexchange, stack:tex, tex,tool},
  owner        = {jens},
  timestamp    = {2019-08-02},
  xdata        = {xdata:stack:tex},
}

@Online{stack:tex:Drorgit,
  author       = {Dror},
  title        = {git LaTeX and branches workflow},
  date         = {1800},
  url          = {https://tex.stackexchange.com/questions/103244/git-latex-and-branches-workflow},
  urldate      = {2019-08-05},
  crossref     = {xdata:stack:tex},
  howpublished = {{TeX} -- {LaTeX}},
  keywords     = {stack, stackexchange, stack:tex, tex,tool},
  owner        = {jens},
  timestamp    = {2019-08-05},
  xdata        = {xdata:stack:tex},
}

@Online{mforbesHow,
  author       = {mforbes},
  title        = {How to use latekmk with feynmf/feynmp?},
  date         = {2012},
  url          = {https://tex.stackexchange.com/questions/37134/how-to-use-latekmk-with-feynmf-feynmp},
  urldate      = {2019-08-05},
  crossref     = {xdata:stack:tex},
  howpublished = {{TeX} -- {LaTeX}},
  keywords     = {stack, stackexchange, stack:tex, tex,tool},
  owner        = {jens},
  timestamp    = {2019-08-05},
  xdata        = {xdata:stack:tex},
}

@Online{stack:tex:masgoBest,
  author       = {masgo},
  title        = {Best solution for acronyms, abbreviations, glossary and index},
  date         = {0002},
  url          = {https://tex.stackexchange.com/questions/287080/best-solution-for-acronyms-abbreviations-glossary-and-index},
  urldate      = {2019-08-06},
  crossref     = {xdata:stack:tex},
  howpublished = {{TeX} -- {LaTeX}},
  keywords     = {stack, stackexchange, stack:tex, tex,tool},
  owner        = {jens},
  timestamp    = {2019-08-06},
  xdata        = {xdata:stack:tex},
}

@Online{stack:texbiblatex57:online,
  title        = {biblatex - How to add a prefix to citations and references numbers in latex? - TeX - LaTeX Stack Exchange},
  url          = {https://tex.stackexchange.com/questions/389083/how-to-add-a-prefix-to-citations-and-references-numbers-in-latex},
  urldate      = {2019-08-08},
  crossref     = {xdata:stack:tex},
  howpublished = {{TeX} -- {LaTeX}},
  keywords     = {tool, stack, stackexchange, stack:tex, tex, tool,tool},
  owner        = {jens},
  timestamp    = {2019-08-08},
  xdata        = {xdata:stack:tex},
}

@Online{stack:tex:Agent154How,
  author       = {agent154},
  title        = {How do I color table columns?},
  date         = {2013-01-21},
  url          = {https://tex.stackexchange.com/questions/94799/how-do-i-color-table-columns},
  urldate      = {2019-08-14},
  crossref     = {xdata:stack:tex},
  howpublished = {{TeX} -- {LaTeX}},
  keywords     = {tool, latex, stack, stack:tex, table,tool},
  owner        = {jens},
  timestamp    = {2019-08-14},
  xdata        = {xdata:stack:tex},
}

@Online{Programmer100Itemize,
  author       = {Programmer100},
  title        = {Itemize in Tabular raises “Something wrong--perhaps a missing \item”},
  date         = {2013-11-29},
  url          = {https://tex.stackexchange.com/questions/148451/itemize-in-tabular-raises-something-wrong-perhaps-a-missing-item},
  urldate      = {2019-08-14},
  crossref     = {xdata:stack:tex},
  howpublished = {{TeX} -- {LaTeX}},
  keywords     = {stack:tex,stack, latex,table,tool},
  owner        = {jens},
  timestamp    = {2019-08-14},
  xdata        = {xdata:stack:tex},
}

@Online{stack:tex:glossari77:online,
  title        = {glossaries: How to customize list of symbols with additional column for units? - TeX - LaTeX Stack Exchange},
  url          = {https://tex.stackexchange.com/questions/269565/glossaries-how-to-customize-list-of-symbols-with-additional-column-for-units},
  urldate      = {2019-08-16},
  crossref     = {xdata:stack:tex},
  howpublished = {{TeX} -- {LaTeX}},
  keywords     = {,tool},
  owner        = {jens},
  timestamp    = {2019-08-16},
  xdata        = {xdata:stack:tex},
}

@Online{stack:tex:tikz-optimization,
  title        = {tikz pgf - Externalization to other format, Makefile. Add new rules to the makefile - TeX - LaTeX Stack Exchange},
  url          = {https://tex.stackexchange.com/questions/40516/externalization-to-other-format-makefile-add-new-rules-to-the-makefile},
  urldate      = {2019-08-16},
  crossref     = {xdata:stack:tex},
  howpublished = {{TeX} -- {LaTeX}},
  keywords     = {t,tool},
  owner        = {jens},
  timestamp    = {2019-08-16},
  xdata        = {xdata:stack:tex},
}

@Online{tikzpgfH73:online,
  title        = {tikz pgf - How to prevent tikzexternalize to generate files in current directory? - TeX - LaTeX Stack Exchange},
  url          = {https://tex.stackexchange.com/questions/333960/how-to-prevent-tikzexternalize-to-generate-files-in-current-directory},
  urldate      = {2019-08-16},
  crossref     = {xdata:stack:tex},
  howpublished = {{TeX} -- {LaTeX}},
  keywords     = {stack:tex, stack,tool},
  owner        = {jens},
  timestamp    = {2019-08-17},
  xdata        = {xdata:stack:tex},
}

@Online{macrosne26:online,
  title        = {macros - newcommand vs. DeclareMathOperator - TeX - LaTeX Stack Exchange},
  url          = {https://tex.stackexchange.com/questions/67506/newcommand-vs-declaremathoperator},
  urldate      = {2019-08-18},
  crossref     = {xdata:stack:tex},
  howpublished = {{TeX} -- {LaTeX}},
  keywords     = {tool, latex, best-practices, stack, stack:tex,tool},
  owner        = {jens},
  timestamp    = {2019-08-18},
  xdata        = {xdata:stack:tex},
}

@Online{stack:tex:colorCol96:online,
  title        = {color - Colored horizontal line between two text - TeX - LaTeX Stack Exchange},
  url          = {https://tex.stackexchange.com/questions/192197/colored-horizontal-line-between-two-text},
  urldate      = {2019-08-18},
  crossref     = {xdata:stack:tex},
  howpublished = {{TeX} -- {LaTeX}},
  keywords     = {tool, stack, stack:tex, latex,tool},
  owner        = {jens},
  timestamp    = {2019-08-18},
  xdata        = {xdata:stack:tex},
}

@Online{mathmode71:online,
  title        = {math mode - Diagonal dots spanning multiple lines/columns of a matrix - TeX - LaTeX Stack Exchange},
  url          = {https://tex.stackexchange.com/questions/38833/diagonal-dots-spanning-multiple-lines-columns-of-a-matrix},
  urldate      = {2019-08-20},
  crossref     = {xdata:stack:tex},
  howpublished = {{TeX} -- {LaTeX}},
  keywords     = {tool, stack:tex,tool},
  owner        = {jens},
  timestamp    = {2019-08-20},
  xdata        = {xdata:stack:tex},
}

@Online{stack:tex:align-overset,
  author       = {Rackbox},
  title        = {\overset and align environment: how to get correct alignment?},
  url          = {https://tex.stackexchange.com/questions/257529/overset-and-align-environment-how-to-get-correct-alignment},
  urldate      = {2019-08-21},
  crossref     = {xdata:stack:tex},
  howpublished = {{TeX} -- {LaTeX}},
  keywords     = {stack, stack:tex, mathmode, align, bachelor:math,tool},
  owner        = {jens},
  timestamp    = {2019-08-21},
  xdata        = {xdata:stack:tex},
}

@Online{stack:tex:circ,
  author       = {wrongusername},
  title        = {Is there a circle symbol?},
  url          = {https://tex.stackexchange.com/questions/8301/is-there-a-circle-symbol#},
  urldate      = {2019-08-23},
  crossref     = {xdata:stack:tex},
  howpublished = {{TeX} -- {LaTeX}},
  keywords     = {stack:tex, stack,tool},
  owner        = {jens},
  timestamp    = {2019-08-23},
  xdata        = {xdata:stack:tex},
}

@Online{stack:tex:biblatex-crossref,
  title        = {What is the Bibtex crossref field used for?},
  date         = {2019-08-26},
  url          = {https://tex.stackexchange.com/questions/401138/what-is-the-bibtex-crossref-field-used-for?rq=1},
  crossref     = {xdata:stack:tex},
  howpublished = {{TeX} -- {LaTeX}},
  keywords     = {stack:tex, stack, latex, biblatex,tool},
  owner        = {jens},
  timestamp    = {2019-08-26},
  xdata        = {xdata:stack:tex},
}

@Online{stack:tex:credit,
  url          = {https://tex.stackexchange.com/questions/2527/photograph-credits-in-latex},
  crossref     = {xdata:stack:tex},
  howpublished = {{TeX} -- {LaTeX}},
  keywords     = {,tool},
  owner        = {jens},
  timestamp    = {2019-08-27},
  xdata        = {xdata:stack:tex},
}

@Online{stack:tex:Quastbest,
  author       = {Bastiaan Quast},
  title        = {best practice international template},
  date         = {2012-06-18},
  url          = {https://tex.stackexchange.com/questions/60260/best-practice-international-template},
  urldate      = {2019-08-07},
  crossref     = {xdata:stack:tex},
  howpublished = {{TeX} -- {LaTeX}},
  keywords     = {tool, stack, stackexchange, stack:tex, tex,tool},
  owner        = {jens},
  timestamp    = {2019-08-07},
  xdata        = {xdata:stack:tex},
  xref         = {stack:tex},
}

@Online{stack:tex:KottwitzWhich,
  author       = {Stefan Kottwitz},
  title        = {Which packages should be loaded after hyperref instead of before?},
  date         = {2012-02-09},
  url          = {https://tex.stackexchange.com/questions/1863/which-packages-should-be-loaded-after-hyperref-instead-of-before},
  urldate      = {2019-08-07},
  crossref     = {xdata:stack:tex},
  howpublished = {{TeX} -- {LaTeX}},
  keywords     = {tool, stack, stackexchange, stack:tex, tex,tool},
  owner        = {jens},
  timestamp    = {2019-08-07},
  xdata        = {xdata:stack:tex},
  xref         = {stack:tex},
}

@Online{stack:tex:snapshot-loaded-package,
  title        = {Can I make something like a snapshot of the loaded packages?},
  url          = {https://tex.stackexchange.com/questions/447598/can-i-make-something-like-a-snapshot-of-the-loaded-packages?noredirect=1\&lq=1},
  crossref     = {xdata:stack:tex},
  howpublished = {{TeX} -- {LaTeX}},
  keywords     = {tool, stack, stackexchange, stack:tex, tex,,tool},
  owner        = {jens},
  timestamp    = {2019-08-07},
  xdata        = {xdata:stack:tex},
  xref         = {stack:tex},
}

@Online{StackexchangeLstlistingLineWrappinga,
  author       = {???},
  title        = {lstlisting line wrapping},
  date         = {2019},
  url          = {https://tex.stackexchange.com/questions/116534/lstlisting-line-wrapping},
  urldate      = {2019-07-01},
  crossref     = {xdata:stack:tex},
  howpublished = {{TeX} -- {LaTeX}},
  keywords     = {stack, stackexchange, stack:tex, tex,tool},
  owner        = {jens},
  sortkey      = {Stackexchange},
  timestamp    = {2019-07-09},
  xdata        = {xdata:stack:tex},
}

@Online{stack:overflow:HowcanIt80:online,
  title     = {How can I temporarily make the window I'm working on to be fullscreen in vim? - Stack Overflow},
  url       = {https://stackoverflow.com/questions/15583346/how-can-i-temporarily-make-the-window-im-working-on-to-be-fullscreen-in-vim},
  urldate   = {2019-08-13},
  crossref  = {xdata:stack:overflow},
  keywords  = {vim, stack, stackoverflow, tool,tool},
  owner     = {jens},
  timestamp = {2019-08-13},
  xdata     = {xdata:stack:overflow},
}

@Online{GitMergeApplyChangestoCodeThatMovedtoaDifferentFilec,
  title     = {git merge: apply changes to code that moved to a different file},
  url       = {https://stackoverflow.com/questions/3491270/git-merge-apply-changes-to-code-that-moved-to-a-different-file},
  crossref  = {xdata:stack:overflow},
  keywords  = {stackoverflow, git, tools,tool},
  owner     = {jens},
  timestamp = {2019-08-26},
  xdata     = {xdata:stack:overflow},
}

@Online{stack:academia,
  author    = {{STACKEXCHANGE} Academia},
  title     = {STACKEXCHANGE Academia},
  date      = {1800},
  url       = {https://academia.stackexchange.com},
  crossref  = {stack:unix:understanding-lscpu},
  keywords  = {,tool},
  owner     = {jens},
  timestamp = {2019-09-10},
}

@Online{dickimaw:bib2gls,
  url       = {https://www.dickimaw-books.com/software/bib2gls/},
  crossref  = {dickimaw},
  keywords  = {,tool},
  owner     = {jens},
  timestamp = {2019-09-04},
  xref      = {dickimaw},
}

@Online{dickimaw:gallery,
  url       = {https://www.dickimaw-books.com/gallery/},
  crossref  = {dickimaw},
  keywords  = {,tool},
  owner     = {jens},
  timestamp = {2019-09-04},
  xref      = {dickimaw},
}

@Online{wiki:book:en:LaTeX:captions,
  url       = {https://en.wikibooks.org/wiki/LaTeX/Floats,_Figures_and_Captions},
  crossref  = {wiki:book:en:LaTeX},
  keywords  = {tool,tool},
  owner     = {jens},
  timestamp = {2019-08-07},
}

@Online{wiki:book:en:LaTeX:labels,
  url       = {https://en.wikibooks.org/wiki/LaTeX/Labels_and_Cross-referencing},
  crossref  = {wiki:book:en:LaTeX},
  keywords  = {tool,tool},
  owner     = {jens},
  timestamp = {2019-08-07},
}

@Online{wiki:book:de:LaTeX:titelseite,
  title     = {LaTeX/ Eine Titelseite erstellen – Wikibooks, Sammlung freier Lehr-, Sach- und Fachbücher},
  url       = {https://de.wikibooks.org/wiki/LaTeX/_Eine_Titelseite_erstellen},
  urldate   = {2019-08-11},
  crossref  = {wiki:book:de:LaTeX},
  keywords  = {tool,tool},
  owner     = {jens},
  timestamp = {2019-08-11},
}

@Online{wiki:book:de:LaTeX,
  title     = {LaTeX-Kompendium},
  url       = {https://de.wikibooks.org/wiki/LaTeX},
  urldate   = {2019-08-11},
  crossref  = {wiki:book:de},
  keywords  = {tool,tool},
  owner     = {jens},
  timestamp = {2019-09-11},
}

@Online{wiki:book:en:LaTeX,
  author    = {Wikibooks},
  title     = {LaTeX --- Wikibooks{,} The Free Textbook Project},
  year      = {2019},
  url       = {\url{https://en.wikibooks.org/w/index.php?title=LaTeX&oldid=3527944}},
  note      = {[Online; accessed 8-September-2019]},
  urldate   = {2019-09-08},
  crossref  = {wiki:book:en},
  keywords  = {,tool},
  owner     = {jens},
  timestamp = {2019-09-08},
}

@Online{sagemath:doc:de,
  title     = {Deutsch prachige Anleitungen zu \sagemath},
  url       = {http://doc.sagemath.org/html/de/},
  urldate   = {2019-09-08},
  crossref  = {sagemath},
  keywords  = {,tool},
  owner     = {jens},
  timestamp = {2019-09-11},
}

@Online{stack:tex:bibliography-qrcode,
  author       = {{MaPePeR}{https://tex.stackexchange.com/users/28396/mapeper} and {user36296}{https://tex.stackexchange.com/users/36296/user36296}},
  title        = {qrcode in bibliography margin/bibliography entry with height of marginpar-content1},
  date         = {2016-07-15},
  url          = {https://tex.stackexchange.com/questions/319524/qrcode-in-bibliography-margin-bibliography-entry-with-height-of-marginpar-conten},
  urldate      = {2019-09-02},
  crossref     = {xdata:stack:tex},
  howpublished = {{TeX} -- {LaTeX}},
  keywords     = {,tool},
  owner        = {jens},
  timestamp    = {2019-09-11},
  xdata        = {xdata:stack:tex},
}

@Online{sagemath:doc:de,
  title     = {English manuals for \sagemath},
  url       = {http://doc.sagemath.org/html/en/},
  crossref  = {sagemath},
  keywords  = {,tool},
  owner     = {jens},
  timestamp = {2019-09-11},
}

@Online{stack:tex:stack_bibtex_vs_biblatex,
  title        = {Compatibility of bibtex and biblatex bibliography files?},
  urldate      = {2019-07-08},
  howpublished = {https://tex.stackexchange.com/questions/37095/compatibility-of-bibtex-and-biblatex-bibliography-files},
  keywords     = {stack, stackexchange, stack:tex, tex,tool},
  owner        = {jens},
  sortkey      = {stackexchange},
  timestamp    = {2019-07-09},
  xdata        = {xdata:stack:tex},
}

@Online{stack:tex:stack_bib_overview,
  title        = {bibtex vs. biber and biblatex vs. natbib},
  urldate      = {2019-07-08},
  howpublished = {https://tex.stackexchange.com/questions/25701/bibtex-vs-biber-and-biblatex-vs-natbib},
  keywords     = {stack, stackexchange, stack:tex, tex, biber, biblatex, bibliography,tool},
  owner        = {jens},
  sortkey      = {stackexchange},
  timestamp    = {2019-07-09},
  xdata        = {xdata:stack:tex},
}

@Online{stack_switch_biblatex,
  title        = {What to do to switch to biblatex},
  urldate      = {2019-07-08},
  howpublished = {https://tex.stackexchange.com/questions/5091/what-to-do-to-switch-to-biblatex},
  keywords     = {stack, stackexchange, stack:tex, tex,tool},
  owner        = {jens},
  sortkey      = {Stackexchange},
  timestamp    = {2019-07-09},
  xdata        = {xdata:stack:tex},
}

@Online{STACK_BIBER_TROUBLESHOOTING,
  title        = {Troubleshooting for biber},
  urldate      = {2019-07-08},
  howpublished = {https://tex.stackexchange.com/questions/286706/troubleshooting-for-biber},
  keywords     = {stack, stackexchange, stack:tex, tex, biber, biblatex, bibliography,tool},
  owner        = {jens},
  sortkey      = {Stackexchange},
  timestamp    = {2019-07-09},
  xdata        = {xdata:stack:tex},
}

@Online{publicat73:online,
  author    = {leopold.talirz},
  title     = {How to acknowledge copyright for figure reproduced from arXiv preprint?},
  date      = {2016-01-21},
  url       = {https://academia.stackexchange.com/questions/62060/how-to-acknowledge-copyright-for-figure-reproduced-from-arxiv-preprint},
  urldate   = {2019-08-08},
  keywords  = {tool,tool},
  owner     = {jens},
  timestamp = {2019-08-08},
}

@Xdata{xdata:stack:meta,
  date      = {1800-01-01},
  keywords  = {,tool},
  owner     = {jens},
  timestamp = {2019-09-10},
  url       = {https://meta.stackexchange.com},
  urldate   = {2019-09-11},
  xdate     = {stack},
  xref      = {stack},
}

@Online{stack:superuser,
  title     = {SUPERUSER},
  date      = {1800-01-01},
  auther    = {SUPERUSER},
  keywords  = {,tool},
  owner     = {jens},
  timestamp = {2019-09-10},
}

@Online{latex-guide-numbering,
  author    = {Math Vault},
  title     = {The Definitive, Non-Technical Introduction to LaTeX, Professional Typesetting and Scientific Publishing},
  date      = {2019-07-29},
  url       = {https://mathvault.ca/latex-guide/#Automatic_Numbering},
  urldate   = {2019-08-12},
  keywords  = {tool,tool},
  owner     = {jens},
  timestamp = {2019-08-12},
}

@Online{Previewi19:online,
  author    = {the TexLab contributors},
  title     = {Previewing - TexLab},
  year      = {2019},
  url       = {https://texlab.netlify.com/docs/installation/previewing},
  urldate   = {2019-08-18},
  keywords  = {tool, latexmk, ,tool},
  license   = {creativecommons:4.0:ccbyncsa},
  owner     = {jens},
  timestamp = {2019-08-18},
}

@Online{sagemath:ask,
  url       = {https://ask.sagemath.org/questions/},
  keywords  = {,tool},
  license   = {creativecommons:3.0:ccbysa},
  owner     = {jens},
  timestamp = {2019-09-08},
}

@Online{overleaf,
  author    = {Overleaf},
  title     = {Overleaf},
  date      = {2019},
  url       = {https://www.overleaf.com/learn},
  keywords  = {,tool},
  owner     = {jens},
  timestamp = {2019-09-10},
}

@Xdata{xdata:stack,
  author    = {{STACKEXCHANGE}},
  date      = {1800-01-01},
  keywords  = {,tool},
  license   = {creativecommons:4.0:ccbysa},
  owner     = {jens},
  timestamp = {2019-09-10},
  title     = {{STACKEXCHANGE}},
  url       = {https://stackexchange.com},
  year      = {1800},
}

@Online{LaTeXColor,
  author    = {David Doolin},
  title     = {LaTeX Color Definitions},
  date      = {2018-11-06},
  url       = {http://latexcolor.com/},
  urldate   = {2019-08-18},
  keywords  = {tex, latex, color, tools,tool},
  owner     = {jens},
  timestamp = {2019-09-11},
}

@Online{latex_symbols,
  author    = {Teori},
  title     = {LaTeX Math Symbols},
  date      = {2019},
  url       = {http://web.ift.uib.no/Teori/KURS/WRK/TeX/symALL.html},
  urldate   = {2019-03-06},
  keywords  = {,tool},
  owner     = {jens},
  sortkey   = {uib.no},
  timestamp = {2019-09-11},
}

@Online{panek:daumenkino,
  url       = {http://www.cfd.tu-berlin.de/~panek/tex/daumenkino/daumenkino.html},
  keywords  = {,tool},
  owner     = {jens},
  timestamp = {2019-09-11},
}

@Online{TipsonWritingaThesisinLaTeXb,
  title     = {Tips on Writing a Thesis in {LaTeX}},
  url       = {http://www.khirevich.com/latex/microtype/},
  keywords  = {tool,tool},
  owner     = {jens},
  timestamp = {2019-09-11},
}

@Online{Includin79:online,
  author    = {Joachim Breitner},
  title     = {Including full LaTeX documents in another LaTeX document – Blog – Joachim Breitners Homepage},
  date      = {2012-02-15},
  url       = {https://www.joachim-breitner.de/blog/544-Including_full_LaTeX_documents_in_another_LaTeX_document},
  urldate   = {2019-08-08},
  keywords  = {tool,tool},
  owner     = {jens},
  timestamp = {2019-09-11},
}

@Online{man:gnu-tar,
  author    = {Free Software Foundation, Inc.},
  title     = {Writing to Standard Output},
  date      = {2019-02-23},
  url       = {https://www.gnu.org/software/tar/manual/html\_node/Writing-to-Standard-Output.html},
  urldate   = {2019-07-23},
  keywords  = {,tool},
  owner     = {jens},
  timestamp = {2019-09-11},
}

@Online{stack:meta:move-to-cc-4-0,
  url       = {https://meta.stackexchange.com/questions/333089/stack-exchange-and-stack-overflow-are-moving-to-cc-by-sa-4-0?cb=1},
  urldate   = {2019-09-08},
  keywords  = {,tool},
  owner     = {jens},
  timestamp = {2019-09-08},
  xdata     = {xdata:stack:meta},
}

@Xdata{xdata:stack:overflow,
  date      = {1800-01-01},
  keywords  = {,tool},
  owner     = {jens},
  timestamp = {2019-09-10},
  title     = {STACKOVERFLOW please replace me},
  url       = {https://stackoverflow.com},
  xdata     = {xdata:stack},
  xref      = {stack},
}

@Online{uni-ffm:latex-kurs,
  url       = {http://www.starkerstart.uni-frankfurt.de/61635879/LaTeX-Kurs},
  keywords  = {tool,tool},
  owner     = {jens},
  timestamp = {2019-08-07},
  xref      = {Bosse2019},
}

@Online{BibItNow18:online,
  author    = {Langenscheiss},
  title     = {BibItNow! - Chrome Web Store},
  date      = {2019-08-26},
  url       = {https://chrome.google.com/webstore/detail/bibitnow/bmnfikjlonhkoojjfddnlbinkkapmldg?hl=de},
  urldate   = {2019-08-08},
  keywords  = {tool,tool},
  owner     = {jens},
  timestamp = {2019-08-08},
}

@Online{BibTeXen3:online,
  author    = {nettrino},
  title     = {BibTeX entry from URL - Chrome Web Store},
  date      = {2016-09-09},
  url       = {https://chrome.google.com/webstore/detail/bibtex-entry-from-url/mgpmgkhhbjgkpnanlmlhibjfgpdpgjec},
  urldate   = {2019-08-08},
  keywords  = {tool,tool},
  owner     = {jens},
  timestamp = {2019-08-08},
}

@Online{abbrevs2,
  author    = {Reinhard Kotucha},
  title     = {[texhax] \\newcommand*},
  date      = {2015-03-19},
  url       = {https://tug.org/pipermail/texhax/2005-March/003736.html},
  urldate   = {2019-03-05},
  keywords  = {stack, stackexchange,tool},
  owner     = {jens},
  sortkey   = {Stackexchange},
  timestamp = {2019-08-13},
}

@Online{texwelt:shellescape,
  url       = {https://texwelt.de/wissen/fragen/15887/was-ist-write18-oder-shell-escape},
  urldate   = {2019-07-23},
  keywords  = {,tool},
  owner     = {jens},
  timestamp = {2019-09-11},
}

@Online{dickimaw,
  author    = {Dr Nicola Talbot},
  title     = {Dickimaw Books},
  date      = {2018-11-23},
  url       = {https://www.dickimaw-books.com},
  keywords  = {,tool},
  owner     = {jens},
  timestamp = {2019-09-10},
}

@Online{golatex,
  author    = {GoLaTeX},
  title     = {Latex\TeX - Mein LaTeX-Forum},
  date      = {1800-01-01},
  url       = {https://golatex.de/},
  keywords  = {,tool},
  owner     = {jens},
  timestamp = {2019-09-10},
}

@Online{sagemath:ask:install-module,
  url       = {https://ask.sagemath.org/question/8927/how-do-i-install-python-modules-or-use-a-different-version-of-python-with-sage/},
  keywords  = {,tool},
  owner     = {jens},
  timestamp = {2019-09-03},
}

@Online{BibItNow!ChromeWebStore,
  title     = {BibItNow! - Chrome Web Store},
  url       = {https://chrome.google.com/webstore/detail/bibitnow/bmnfikjlonhkoojjfddnlbinkkapmldg?hl=de},
  urldate   = {2019-08-08},
  keywords  = {tool,tool},
  owner     = {jens},
  timestamp = {2019-08-08},
}

@Online{BibTeXEntryfromURLChromeWebStore,
  title     = {BibTeX entry from URL - Chrome Web Store},
  url       = {https://chrome.google.com/webstore/detail/bibtex-entry-from-url/mgpmgkhhbjgkpnanlmlhibjfgpdpgjec},
  urldate   = {2019-08-08},
  keywords  = {tool,tool},
  owner     = {jens},
  timestamp = {2019-08-08},
}

@Online{Stackexchangeb,
  url       = {https://tug.org/pipermail/texhax/2005-March/003736.html},
  urldate   = {2019-03-05},
  keywords  = {stack, stackexchange,tool},
  owner     = {jens},
  sortkey   = {Stackexchange},
  timestamp = {2019-08-13},
}

@Online{wiki:book:de,
  author    = {Wikibooks},
  title     = {„Wikibooks – Die freie Bibliothek“ für Lehr-, Fach- und Sachbücher},
  url       = {https://de.wikibooks.org},
  urldate   = {2019-08-11},
  keywords  = {tool,tool},
  license   = {creativecommons:3.0:ccbysa},
  owner     = {jens},
  publisher = {Wikibooks, Die freie Bibliothek.},
  timestamp = {2019-09-11},
}

@Online{cite_github,
  author    = {charlespwd},
  title     = {How do you cite a Github repository?},
  year      = {1800},
  date      = {2013-11-11},
  url       = {https://academia.stackexchange.com/questions/14010/how-do-you-cite-a-github-repository},
  urldate   = {2019-04-05},
  keywords  = {stack, stackexchange,tool},
  owner     = {jens},
  sortkey   = {STACKEXCHANGE},
  timestamp = {2019-08-05},
}

@Online{overleaf:thesis:layout,
  title     = {How to Write a Thesis in LaTeX (Part 2): Page Layout - Overleaf, Online LaTeX Editor},
  url       = {https://www.overleaf.com/learn/latex/How_to_Write_a_Thesis_in_LaTeX_(Part_2):_Page_Layout},
  urldate   = {2019-08-14},
  keywords  = {overleaf,tool},
  owner     = {jens},
  timestamp = {2019-08-14},
}

@Online{sshHowto36:online,
  title     = {ssh - How to tell git which private key to use? - Super User},
  url       = {https://superuser.com/questions/232373/how-to-tell-git-which-private-key-to-use},
  urldate   = {2019-08-16},
  keywords  = {tools, ssh, ,tool},
  owner     = {jens},
  timestamp = {2019-08-16},
}

@Online{golatex:tikz-external-reference,
  author    = {Johannes Aehling},
  title     = {Mein LaTeX-Forum},
  date      = {2016-08-10},
  url       = {https://golatex.de/referenzieren-bei-tikz-external-t17862.html},
  urldate   = {2019-08-06},
  keywords  = {tool,tool},
  owner     = {jens},
  timestamp = {2019-08-06},
}

@Online{golatex:wiki,
  title     = {goLaTeX-Wiki - deutschsprachiges Nachschlagewerk},
  url       = {https://golatex.de/wiki},
  urldate   = {2019-09-08},
  keywords  = {,tool},
  license   = {gnu-fdl},
  owner     = {jens},
  timestamp = {2019-09-08},
}

@Online{Bosse2019,
  author    = {Eike Thaden and René Schumann and Hartwig Bosse},
  title     = {~LaTeX Kurs},
  date      = {2019-08-06},
  url       = {http://www.starkerstart.uni-frankfurt.de/61635879/LaTeX_Kurs},
  note      = {LaTeX Schulung Uni DEAD LINK},
  urldate   = {2019-08-06},
  keywords  = {tool, latex, template,tool},
  owner     = {jens},
  timestamp = {2019-08-07},
}

@Online{TUG,
  year      = {2005},
  date      = {2005-03},
  url       = {https://tug.org/pipermail/texhax/2005-March/003736.html},
  month     = mar,
  urldate   = {2019-03-05},
  key       = {TUG},
  keywords  = {stack, stackexchange,tool},
  owner     = {jens},
  sortkey   = {Stackexchange},
  timestamp = {2019-07-22},
}

@Online{exterior_algebra,
  author    = {STACKEXCHANGE},
  title     = {Notation for algebras},
  date      = {2019},
  url       = {https://mathoverflow.net/questions/28757/notation-for-algebras},
  urldate   = {2019-03-06},
  keywords  = {stack, stackexchange,tool},
  owner     = {jens},
  sortkey   = {Mathoverflow},
  timestamp = {2019-07-09},
}

@Online{PrecompilePgfplotsUsingTikzexternalize,
  author    = {Wouter Dullaert},
  title     = {Precompile pgfplots using tikzexternalize},
  date      = {2012-03-28},
  url       = {https://olezfdtd.wordpress.com/2012/03/28/precompile-pgfplots-using-tikzexternalize/},
  urldate   = {2019-08-06},
  comment   = {https://wdullaer.com/selfreflection/},
  keywords  = {,tool},
  owner     = {jens},
  timestamp = {2019-08-06},
}

@Online{tikzcd-editor,
  author    = {Yichuan Shen},
  editor    = {Jens Heinrich},
  title     = {tikzcd-editor},
  date      = {2019},
  url       = {https://tikzcd.yichuanshen.de/#eyJub2RlcyI6W3sicG9zaXRpb24iOlswLDBdLCJ2YWx1ZSI6IjAifSx7InBvc2l0aW9uIjpbMSwwXSwidmFsdWUiOiJcXGtlciBcXFBoaSJ9LHsicG9zaXRpb24iOlsyLDBdLCJ2YWx1ZSI6IkEifSx7InBvc2l0aW9uIjpbMywwXSwidmFsdWUiOiJBL1xca2VyIFxcUGhpIn0seyJwb3NpdGlvbiI6WzQsMF0sInZhbHVlIjoiMCJ9LHsicG9zaXRpb24iOlsyLDFdLCJ2YWx1ZSI6IlxcUGhpXFxsZWZ0KEFcXHJpZ2h0KSJ9XSwiZWRnZXMiOlt7ImZyb20iOjAsInRvIjoxfSx7ImZyb20iOjEsInRvIjoyLCJsYWJlbFBvc2l0aW9uIjoibGVmdCIsInZhbHVlIjoiXFxzdWJzZXQifSx7ImZyb20iOjIsInRvIjozfSx7ImZyb20iOjMsInRvIjo0fSx7ImZyb20iOjEsInRvIjo1LCJ2YWx1ZSI6IjAifSx7ImZyb20iOjIsInRvIjo1LCJ2YWx1ZSI6IlxccGkiLCJsaW5lIjoic29saWQifSx7ImZyb20iOjMsInRvIjo1LCJsaW5lIjoiZG90dGVkIiwidmFsdWUiOiJcXGV4aXN0cyBcXHRleHR7SXNvfSJ9XX0=},
  urldate   = {2019-07-17},
  keywords  = {tool,tool},
  label     = {tikzcd-editor},
  owner     = {jens},
  timestamp = {2019-08-13},
}

@Online{tikzcd-editor-github,
  author    = {Yichuan 'yishn' Shen},
  title     = {tikzcd-editor},
  date      = {2019},
  url       = {https://github.com/yishn/tikzcd-editor},
  urldate   = {2019-07-17},
  keywords  = {tool,tool},
  owner     = {jens},
  shorthand = {tikzcd-GH},
  timestamp = {2019-08-13},
}

@Online{wiki:book:en,
  author    = {Wikibooks},
  url       = {https://en.wikibooks.org},
  keywords  = {,tool},
  license   = {creativecommons:3.0:ccbysa},
  owner     = {jens},
  publisher = {Wikibooks, The Free Textbook Project.},
  timestamp = {2019-09-08},
}

@Online{PublicationsHowtoAcknowledgeCopyrightforFigureReproducedfromArXivPreprint?AcademiaStackExchange,
  title     = {publications - How to acknowledge copyright for figure reproduced from arXiv preprint? - Academia Stack Exchange},
  url       = {https://academia.stackexchange.com/questions/62060/how-to-acknowledge-copyright-for-figure-reproduced-from-arxiv-preprint},
  urldate   = {2019-08-08},
  keywords  = {tool,tool},
  owner     = {jens},
  timestamp = {2019-08-08},
}

@Online{TheDefinitiveNonTechnicalIntroductiontoLaTeXProfessionalTypesettingandScientificPublishing,
  title     = {The Definitive, Non-Technical Introduction to LaTeX, Professional Typesetting and Scientific Publishing},
  url       = {https://mathvault.ca/latex-guide/#Automatic_Numbering},
  urldate   = {2019-08-12},
  keywords  = {tool,tool},
  owner     = {jens},
  timestamp = {2019-08-12},
}

@Online{PreviewingTexLab,
  title     = {Previewing - TexLab},
  url       = {https://texlab.netlify.com/docs/installation/previewing},
  urldate   = {2019-08-18},
  keywords  = {tool, latexmk, ,tool},
  owner     = {jens},
  timestamp = {2019-08-18},
}

@Online{codeinthehole:pre-commit-hook,
  author    = {David Winterbottom},
  title     = {Tips for using a git pre-commit hook},
  date      = {2012-03-05},
  url       = {https://codeinthehole.com/tips/tips-for-using-a-git-pre-commit-hook},
  keywords  = {,tool},
  owner     = {jens},
  timestamp = {2019-09-11},
}

@Online{LatexSetupVim,
  author    = {u/cetejada10},
  title     = {Latex Setup : vim},
  date      = {2015-12-04},
  url       = {https://www.reddit.com/r/vim/comments/3vgyhu/latex_setup/},
  urldate   = {2019-08-05},
  keywords  = {tool,tool},
  owner     = {jens},
  timestamp = {2019-09-11},
}

@Online{mKaloer:pre-commit,
  author    = {Mads Kalør},
  title     = {mKaloer/pre-commit},
  url       = {https://gist.github.com/mKaloer/f9488142f76b29a2e2e6},
  keywords  = {,tool},
  owner     = {jens},
  timestamp = {2019-09-11},
}

@Xdata{xdata:stack:tex,
  author       = {UNDEFINED AUTHOR, please fix me},
  date         = {1800-01-01},
  howpublished = {{TeX} -- {LaTeX}},
  keywords     = {,tool},
  license      = {creativecommons:4.0:ccbysa},
  owner        = {jens},
  timestamp    = {2019-09-11},
  title        = {UNDEFINED TITLE, please fix me},
  url          = {https://tex.stackexchange.com},
  xdata        = {xdata:stack},
}

@Online{golatex:biblatex-reihenfolge,
  author    = {ehwlt},
  title     = {biblatex/authoryear: Autor (Jahr), Feldreihenfolgen Einträge},
  url       = {https://golatex.de/biblatex-authoryear-autor-jahr-feldreihenfolgen-eintraege-t18744.html},
  keywords  = {,tool},
  owner     = {jens},
  timestamp = {2019-09-11},
}

@Online{golatex:order-arguments,
  author    = {markusv},
  title     = {Probleme bei eigenem Macro9},
  date      = {2019-07-27},
  url       = {https://golatex.de/viewtopic,p,92725.html},
  urldate   = {2019-07-27},
  keywords  = {,tool},
  owner     = {jens},
  timestamp = {2019-09-11},
}

@Online{stack:tex:extract-from-datetime2,
  author       = {N3buchadnezzar},
  title        = {Exctract year, month, day from datetime2},
  date         = {2019-08-21},
  url          = {https://tex.stackexchange.com/questions/505123/exctract-year-month-day-from-datetime2?r=SearchResults\&s=1|32.8441},
  urldate      = {2019-09-12},
  howpublished = {{TeX} -- {LaTeX}},
  keywords     = {,tool},
  owner        = {jens},
  timestamp    = {2019-09-12},
  xdata        = {xdata:stack:tex},
}

@Online{stack:tex:equations-side-by-side,
  author       = {{SuperElectric}{https://tex.stackexchange.com/users/2224/superelectric} and {Gonzalo Medina}{https://tex.stackexchange.com/users/3954/gonzalo-medina}},
  title        = {side-by-side equations{,} with equation numbers for each},
  date         = {2011-10-25},
  url          = {https://tex.stackexchange.com/questions/32701/side-by-side-equations-with-equation-numbers-for-each},
  urldate      = {2019-09-14},
  abstract     = {documentclass{article}
usepackage{amsmath}

begin{document}

noindent begin{minipage}{.5 linewidth}
begin{equation}
  a = b + c.
end{equation}
end{minipage}\%
begin{minipage}{.5 linewidth}
begin{equation}
  d = e + f.
end{equation}
end{minipage}

end{document}},
  howpublished = {{TeX} -- {LaTeX}},
  keywords     = {,tool},
  owner        = {jens},
  timestamp    = {2019-09-14},
  xdata        = {xdata:stack:tex},
}

@Online{namesu,
  author    = {Sascha Frank},
  title     = {LaTeX Pakete},
  date      = {2019-07-14},
  url       = {https://www.namsu.de/Extra/latex-pakete.html},
  urldate   = {2019-09-14},
  comment   = {N\"utzliche Referenz zum Nachschlagen von Syntax},
  keywords  = {,tool},
  owner     = {jens},
  timestamp = {2019-09-14},
}

@Online{stack:tex:figures-placeins,
  author       = {{Scott Morrison}{https://tex.stackexchange.com/users/77/scott-morrison} and {Rob Hyndman}{https://tex.stackexchange.com/users/143/rob-hyndman}},
  title        = {How do I ensure that figures appear in the section they're associated with?},
  date         = {2010-07-27},
  url          = {https://tex.stackexchange.com/questions/279/how-do-i-ensure-that-figures-appear-in-the-section-theyre-associated-with},
  urldate      = {2019-09-14},
  comment      = {%
Use the placeins package.
%
As noted in the comments, you can use
%
usepackage[section]{placeins}
%
to automatically ensure floats do not go into the next section.
%
The package also gives you a FloatBarrier command that you can use to prevent floats to appear beyond some point in your document. Use it as
%
% ... some floats here ...
%
FloatBarrier
%
subsection{My new subsection}
%},
  howpublished = {{TeX} -- {LaTeX}},
  keywords     = {,tool},
  owner        = {jens},
  timestamp    = {2019-09-14},
  xdata        = {xdata:stack:tex},
}

@Online{stack:tex:practices:centering,
  author       = {{Yiannis Lazarides}{https://tex.stackexchange.com/users/963/yiannis-lazarides} and {lockstep}{https://tex.stackexchange.com/users/510/lockstep}},
  title        = {Should I use center or centering for figures and tables?},
  date         = {2010-09-01},
  url          = {https://tex.stackexchange.com/questions/2651/should-i-use-center-or-centering-for-figures-and-tables},
  urldate      = {2019-09-14},
  howpublished = {{TeX} -- {LaTeX}},
  keywords     = {,tool},
  owner        = {jens},
  timestamp    = {2019-09-14},
  xdata        = {xdata:stack:tex},
}

@Online{stack:tex:cite-tweets,
  author       = {{Kristian Nordestgaard}{https://tex.stackexchange.com/users/32679/kristian-nordestgaard} and {Carlos Lanziano}{https://tex.stackexchange.com/users/60792/carlos-lanziano}},
  title        = {How to cite tweets?},
  date         = {2014-09-20},
  url          = {https://tex.stackexchange.com/questions/202285/how-to-cite-tweets/202577#202577},
  howpublished = {{TeX} -- {LaTeX}},
  keywords     = {,tool},
  owner        = {jens},
  timestamp    = {2019-09-14},
  xdata        = {xdata:stack:tex},
}

@Online{Hubert2019,
  author    = {Hubert, Pauline},
  title     = {\ST tutorial},
  date      = {2019-07},
  url       = {https://phubert.github.io/sagetex-tutorial.pdf},
  urldate   = {2019-09-15},
  keywords  = {s,tool},
  owner     = {jens},
  timestamp = {2019-09-15},
}

@Online{stack:tex:biber-remove-fields,
  author       = {{geekoverdose}{https://tex.stackexchange.com/users/140348/geekoverdose} and {gusbrs}{https://tex.stackexchange.com/users/105447/gusbrs}},
  title        = {Automatically remove fields from .bib file containing biblatex entries such as @Thesis},
  date         = {2018-02-12},
  url          = {https://tex.stackexchange.com/questions/415007/automatically-remove-fields-from-bib-file-containing-biblatex-entries-such-as},
  urldate      = {2019-09-16},
  howpublished = {{TeX} -- {LaTeX}},
  keywords     = {,tool},
  owner        = {jens},
  timestamp    = {2019-09-16},
  xdata        = {xdata:stack:tex},
}

@Online{stack:overflow:comment-xml,
  author    = {{Jonas}{https://stackoverflow.com/users/213269/jonas} and {Noon Silk}{https://stackoverflow.com/users/154152/noon-silk}},
  title     = {How do I comment out a block of tags in XML?},
  date      = {2010-05-03},
  url       = {https://stackoverflow.com/questions/2757396/how-do-i-comment-out-a-block-of-tags-in-xml},
  urldate   = {2019-09-16},
  keywords  = {,tool},
  owner     = {jens},
  timestamp = {2019-09-16},
  xdata     = {xdata:stack:overflow},
}

@Online{stack:tex:biber-percent-in-abstract,
  author       = {{JM114516}{https://tex.stackexchange.com/users/114516/jm114516}},
  title        = {Prevent biber from choking on “\%” characters in abstract?},
  date         = {2017-02-08},
  url          = {https://tex.stackexchange.com/questions/352662/prevent-biber-from-choking-on-characters-in-abstract},
  urldate      = {2019-09-16},
  howpublished = {{TeX} -- {LaTeX}},
  keywords     = {,tool},
  owner        = {jens},
  timestamp    = {2019-09-16},
  xdata        = {xdata:stack:tex},
}

@Online{stack:tex:meta:citing-stackoverflow,
  author    = {Lover of Structure {https://tex.meta.stackexchange.com/users/14996/lover-of-structure} and yo' {https://tex.meta.stackexchange.com/users/11002/yo}},
  title     = {How do I properly cite TeX.SE for its help in typesetting?},
  date      = {2013-02-16},
  url       = {https://tex.meta.stackexchange.com/questions/3281/how-do-i-properly-cite-tex-se-for-its-help-in-typesetting},
  urldate   = {2019-09-16},
  keywords  = {,tool},
  owner     = {jens},
  timestamp = {2019-09-16},
  xdata     = {xdata:stack:tex},
}

@Online{stack:tex:bibitemstretch,
  author    = {user36296{https://tex.stackexchange.com/users/36296/user36296} and Fischer, Ulrike {https://tex.stackexchange.com/users/2388/ulrike-fischer}},
  title     = {Make \\bibitemsep stretchy},
  date      = {2017-03-02},
  url       = {https://tex.stackexchange.com/questions/356550/make-bibitemsep-stretchy},
  urldate   = {2019-09-16},
  keywords  = {,tool},
  owner     = {jens},
  timestamp = {2019-09-16},
  xdata     = {xdata:stack:tex},
}

@Online{stack:tex:biblatex-minlength,
  author    = {927589452{https://tex.stackexchange.com/users/189114/927589452} and Purton {https://tex.stackexchange.com/users/87678/david-purton}, David},
  title     = {Set a minimum height for biblatex entries},
  date      = {2019-09-16},
  url       = {https://tex.stackexchange.com/questions/508570/set-a-minimum-height-for-biblatex-entries/508606#508606},
  urldate   = {2019-09-17},
  keywords  = {,tool},
  owner     = {jens},
  timestamp = {2019-09-17},
  xdata     = {xdata:stack:tex},
}

@Online{stack:tex:languageactivearg,
  author    = {blazar{https://tex.stackexchange.com/users/119326/blazar} and Oberdiek, Heiko {https://tex.stackexchange.com/users/16967/heiko-oberdiek}},
  title     = {{! Argument of \\language\@active\@arg has an extra \}. (I use \\includegraphics and russian)}},
  date      = {2016-11-23},
  url       = {https://tex.stackexchange.com/questions/340661/argument-of-languageactivearg-has-an-extra-i-use-includegraphics-and-r},
  urldate   = {2019-09-17},
  owner     = {jens},
  timestamp = {2019-09-17},
  xdata     = {xdata:stack:tex},
}

@Online{stack:tex:microtype-pdfauthor,
  author    = {Fischer, Ulrike {https://tex.stackexchange.com/users/2388/ulrike-fischer} and diabonas {https://tex.stackexchange.com/users/3323/diabonas}},
  title     = {microtype expansion leads to error in pdfauthor},
  date      = {2016-03-25},
  url       = {https://tex.stackexchange.com/questions/300893/microtype-expansion-leads-to-error-in-pdfauthor/300894},
  urldate   = {2019-09-17},
  owner     = {jens},
  timestamp = {2019-09-17},
  xdata     = {xdata:stack:tex},
}

@Online{stack:tex:glossaries-errors,
  author    = {sk001{https://tex.stackexchange.com/users/23301/sk001} and Talbot {https://tex.stackexchange.com/users/19862/nicola-talbot}, Nicola},
  title     = {Errors when using glossaries package},
  date      = {2014-01-07},
  url       = {https://tex.stackexchange.com/questions/152851/errors-when-using-glossaries-package},
  urldate   = {2019-09-17},
  owner     = {jens},
  timestamp = {2019-09-17},
  xdata     = {xdata:stack:tex},
}

@Book{Talbot2013,
  author    = {Talbot, Nicola L. C.},
  title     = {Using Latex to Write a PhD Thesis},
  year      = {2013},
  date      = {2013-03-04},
  publisher = {Dickimaw Books},
  isbn      = {1909440027},
  pagetotal = {162},
  url       = {https://www.dickimaw-books.com/latex/thesis/html/latexmk.html\#sec:latexmk},
  ean       = {9781909440029},
  owner     = {jens},
  timestamp = {2019-09-17},
}

@Online{stack:tex:draft-mode,
  author    = {tobi{https://tex.stackexchange.com/users/4918/tobi}},
  title     = {What does the draft mode change?},
  date      = {2012-03-24},
  url       = {https://tex.stackexchange.com/questions/49277/what-does-the-draft-mode-change},
  urldate   = {2019-09-17},
  owner     = {jens},
  timestamp = {2019-09-17},
  xdata     = {xdata:stack:tex},
}

@Online{stack:tex:todonotes-left-margin,
  author    = {Smit, Peter {https://tex.stackexchange.com/users/459/peter-smit} and Jones, Geoffrey {https://tex.stackexchange.com/users/416/geoffrey-jones}},
  date      = {2010-11-10},
  url       = {https://tex.stackexchange.com/questions/5180/how-can-i-get-todonotes-in-the-left-margin},
  urldate   = {2019-09-17},
  owner     = {jens},
  timestamp = {2019-09-17},
  xdata     = {xdata:stack:tex},
}

@Online{stack:tex:bibliography-break-urls,
  author    = {user4811{https://tex.stackexchange.com/users/25789/user4811} and Oberdiek, Heiko {https://tex.stackexchange.com/users/16967/heiko-oberdiek}},
  title     = {Line breaks of long URLs in biblatex bibliography?},
  date      = {2013-09-20},
  url       = {https://tex.stackexchange.com/questions/134191/line-breaks-of-long-urls-in-biblatex-bibliography},
  owner     = {jens},
  timestamp = {2019-09-17},
  xdata     = {xdata:stack:tex},
}

@Online{stack:tex:tikz-cd-vs-external,
  author    = {Varisco, Marco {https://tex.stackexchange.com/users/2072/marco-varisco} and {Loop Space {https://tex.stackexchange.com/users/86/loop-space}}},
  title     = {Are the TikZ libraries cd and external incompatible with one another?},
  date      = {2014-04-16},
  url       = {https://tex.stackexchange.com/questions/171931/are-the-tikz-libraries-cd-and-external-incompatible-with-one-another},
  urldate   = {2019-09-17},
  owner     = {jens},
  timestamp = {2019-09-17},
  xdata     = {xdata:stack:tex},
}

@Online{stack:overflow:python-append-vs-extend,
  author    = {claudiu {https://stackoverflow.com/users/15055/claudiu} and kender {https://stackoverflow.com/users/4172/kender}},
  title     = {What is the difference between Python's list methods append and extend?},
  date      = {2008-10-31},
  url       = {https://stackoverflow.com/questions/252703/what-is-the-difference-between-pythons-list-methods-append-and-extend},
  urldate   = {2019-09-18},
  owner     = {jens},
  timestamp = {2019-09-18},
  xdata     = {xdata:stack:overflow},
}

@Online{sagemath:ask:output-to-file,
  author    = {twch {https://ask.sagemath.org/users/842/twch/} and gjm{https://ask.sagemath.org/users/1078/gjm/}},
  title     = {How to output data to a file},
  date      = {2011-01-13},
  url       = {https://ask.sagemath.org/question/9703/how-to-output-data-to-a-file/},
  urldate   = {2019-09-18},
  abstract  = {plotlist=[(1,2),(3,4),(6,10)]
import csv
csvfile = open('/path/to/file/plotlist.csv', 'wb')
csvwriter = csv.writer(csvfile, delimiter=';')
for xy in plotlist:
    csvwriter.writerow([xy[0],xy[1]])
csvfile.close()},
  owner     = {jens},
  timestamp = {2019-09-18},
}

@Online{pypi:memory_profiler,
  author    = {Pedregosa, Fabian and Gervais, Philippe},
  title     = {memory-profiler 0.55.0},
  date      = {2018-12-14},
  url       = {https://pypi.org/project/memory-profiler/},
  urldate   = {2019-09-18},
  owner     = {jens},
  timestamp = {2019-09-18},
}

@Online{sagemath:doc:en:profiling,
  title     = {Profiling in Sage},
  url       = {http://doc.sagemath.org/html/en/thematic_tutorials/profiling.html#profiling},
  urldate   = {2019-09-18},
  owner     = {jens},
  timestamp = {2019-09-18},
}

@Online{stack:overflow:ipython-memit,
  author    = {Erik Allik {https://stackoverflow.com/users/247623/erik-allik} and Thomas K {https://stackoverflow.com/users/434217/thomas-k}},
  title     = {Measure (max) memory usage with IPython—like timeit but memit},
  date      = {2013-09-30},
  url       = {https://stackoverflow.com/questions/19092812/measure-max-memory-usage-with-ipython-like-timeit-but-memit},
  urldate   = {2019-09-18},
  owner     = {jens},
  timestamp = {2019-09-18},
  xdata     = {xdata:stack:overflow},
}

@Online{stack:overflow:ipython-in-script,
  author    = {jemme {https://stackoverflow.com/users/4169705/jemme}},
  title     = {How to use IPython magic within a script to auto reload modules?},
  date      = {2015-10-02},
  url       = {https://stackoverflow.com/questions/32906669/how-to-use-ipython-magic-within-a-script-to-auto-reload-modules},
  urldate   = {2019-09-18},
  owner     = {jens},
  timestamp = {2019-09-18},
  xdata     = {xdata:stack:overflow},
}

@Online{linuxquestions:minutes-to-time,
  title     = {convert total no of seconds in the format hour minutes and seconds},
  date      = {2005-11-01},
  url       = {https://www.linuxquestions.org/questions/programming-9/convert-total-no-of-seconds-in-the-format-hour-minutes-and-seconds-276427/},
  urldate   = {2019-09-18},
  owner     = {jens},
  timestamp = {2019-09-18},
}

@Online{stack:unix:understanding-lscpu,
  author    = {cph_sto {https://unix.stackexchange.com/users/310647/cph-sto} and Kitt, Stephen {https://unix.stackexchange.com/users/86440/stephen-kitt}},
  title     = {Understanding output of lscpu},
  date      = {2018-09-13},
  url       = {https://unix.stackexchange.com/questions/468766/understanding-output-of-lscpu},
  urldate   = {2019-09-19},
  keywords  = {stack:unix,stack},
  owner     = {jens},
  timestamp = {2019-09-19},
}

@Online{stack:tex:get-env,
  author    = {hatmatrix{https://tex.stackexchange.com/users/3602/hatmatrix} and egreg{https://tex.stackexchange.com/users/4427/egreg}},
  title     = {Can I access system/environment variables from LaTeX? For instance, $HOME},
  date      = {2012-07-03},
  url       = {https://tex.stackexchange.com/questions/62010/can-i-access-system-environment-variables-from-latex-for-instance-home},
  urldate   = {2019-09-20},
  owner     = {jens},
  timestamp = {2019-09-20},
  xdata     = {xdata:stack:tex},
}

@Online{stack:tex:toggle-vs-bool,
  author    = {Peter Grill {https://tex.stackexchange.com/users/4301/peter-grill} and egreg {https://tex.stackexchange.com/users/4427/egreg}},
  title     = {Difference between \newbool and \newtoggle from etoolbox package},
  date      = {2013-03-05},
  url       = {https://tex.stackexchange.com/questions/101076/difference-between-newbool-and-newtoggle-from-etoolbox-package},
  owner     = {jens},
  timestamp = {2019-09-20},
  xdata     = {xdata:stack:tex},
}

@Online{stack:tex:get-env-refined,
  author    = {Simon Kissane {https://tex.stackexchange.com/users/54565/simon-kissane} and user31729},
  title     = {How to include a second file only if environment variable is set?},
  date      = {2014-06-15},
  url       = {https://tex.stackexchange.com/questions/184923/how-to-include-a-second-file-only-if-environment-variable-is-set?noredirect=1\&lq=1},
  owner     = {jens},
  timestamp = {2019-09-21},
  xdata     = {xdata:stack:tex},
}

@Online{stack:tex:marginpar-bilbiography-fix-vertical-with-margin-fix,
  author    = {Marcel Kr\"uger {https://tex.stackexchange.com/users/80496/marcel-kr%c3%bcger} and tmgriffiths {https://tex.stackexchange.com/users/54688/tmgriffiths}},
  date      = {2018-03-10},
  url       = {https://tex.stackexchange.com/questions/419431/marginpar-notes-in-the-bibliography-and-vertical-position-with-marginfix},
  urldate   = {2019-09-21},
  owner     = {jens},
  timestamp = {2019-09-21},
  xdata     = {xdata:stack:tex},
}

@Online{stack,
  author    = {{STACKEXCHANGE}},
  title     = {{STACKEXCHANGE}},
  year      = {1800},
  date      = {1800-01-01},
  url       = {https://stackexchange.com},
  keywords  = {,tool},
  license   = {creativecommons:4.0:ccbysa},
  owner     = {jens},
  timestamp = {2019-09-10},
}

@Online{stack:meta,
  date      = {1800-01-01},
  url       = {https://meta.stackexchange.com},
  urldate   = {2019-09-11},
  keywords  = {,tool},
  owner     = {jens},
  timestamp = {2019-09-10},
  xdata     = {xdata:stack:meta},
  xref      = {stack},
}

@Online{stack:overflow,
  title     = {STACKOVERFLOW please replace me},
  date      = {1800-01-01},
  url       = {https://stackoverflow.com},
  keywords  = {,tool},
  owner     = {jens},
  timestamp = {2019-09-10},
  xdata     = {xdata:stack},
  xref      = {stack},
}

@Online{stack:tex,
  author       = {UNDEFINED AUTHOR, please fix me},
  title        = {UNDEFINED TITLE, please fix me},
  date         = {1800-01-01},
  url          = {https://tex.stackexchange.com},
  howpublished = {{TeX} -- {LaTeX}},
  keywords     = {,tool},
  license      = {creativecommons:4.0:ccbysa},
  owner        = {jens},
  timestamp    = {2019-09-11},
  xdata        = {xdata:stack:tex},
}

@Online{ß,
  author    = {LukasCB {https://tex.stackexchange.com/users/98739/lukascb} and moewe {https://tex.stackexchange.com/users/35864/moewe}},
  title     = {Create QR-code from citeurl},
  date      = {2018-01-30},
  url       = {https://tex.stackexchange.com/questions/412924/create-qr-code-from-citeurl},
  urldate   = {2019-09-21},
  owner     = {jens},
  timestamp = {2019-09-21},
  xdata     = {xdata:stack:tex},
}

@Online{csgillespie,
  author    = {csgillespie {https://www.r-bloggers.com/author/csgillespie}},
  title     = {Installing R packages},
  date      = {2010-11-06},
  url       = {https://www.r-bloggers.com/installing-r-packages/},
  urldate   = {2019-09-21},
  owner     = {jens},
  timestamp = {2019-09-21},
}

@Online{L,
  author       = {Jeffrey Leek},
  title        = {Installing R Packages},
  url          = {http://jtleek.com/modules/01_DataScientistToolbox/02_09_installingRPackages/#5},
  organization = {Johns Hopkins Bloomberg School of Public Health},
  urldate      = {2019-09-21},
  owner        = {jens},
  timestamp    = {2019-09-21},
}

@Online{HowToApproachErrors,
  editor    = {TeX-FAQ},
  title     = {How to approach errors},
  url       = {https://texfaq.org/FAQ-erroradvice},
  urldate   = {2019-09-21},
  owner     = {jens},
  timestamp = {2019-09-21},
}

@Online{stack:tex:abstract-multiple-languages,
  author    = {vdsvds {https://tex.stackexchange.com/users/79784/vdsvds} and Heiko Oberdiek {https://tex.stackexchange.com/users/16967/heiko-oberdiek}},
  title     = {Changing two abstract names in same document},
  date      = {2015-06-09},
  url       = {https://tex.stackexchange.com/questions/249356/changing-two-abstract-names-in-same-document},
  urldate   = {2019-09-22},
  owner     = {jens},
  timestamp = {2019-09-22},
  xdata     = {xdata:stack:tex},
}

@Online{stack:overflow:freebsd-cpuinfo,
  author    = {WilliamKF {https://stackoverflow.com/users/115751/williamkf} and Nan Xiao {https://stackoverflow.com/users/2106207/nan-xiao}},
  title     = {What is the equivalent of /proc/cpuinfo on FreeBSD v8.1?},
  date      = {2010-11-03},
  url       = {https://stackoverflow.com/questions/4083848/what-is-the-equivalent-of-proc-cpuinfo-on-freebsd-v8-1},
  urldate   = {2},
  owner     = {jens},
  timestamp = {2019-09-23},
}

@Online{stack:tex:align-missing-number,
  author    = {David Carlisle {https://tex.stackexchange.com/users/1090/david-carlisle} and whackyusername1 {https://tex.stackexchange.com/users/50925/whackyusername1}},
  title     = {Why does \begin{align} &&&\cr \end{align} give “Missing number”?},
  date      = {2014-05-01},
  url       = {https://tex.stackexchange.com/questions/174728/why-does-beginalign-cr-endalign-give-missing-number},
  urldate   = {2019-09-23},
  owner     = {jens},
  timestamp = {2019-09-23},
}

@Latexpackage{texdoc:fancydr,
  title     = {The fancyhdr and extramarks package},
  owner     = {jens},
  timestamp = {2019-09-23},
}

@Online{fandom:vim:increasing-or-decreasing-numbers,
  url       = {https://vim.fandom.com/wiki/Increasing_or_decreasing_numbers},
  owner     = {jens},
  timestamp = {2019-09-23},
}

@Online{stack:tex:plain-clear-double-page,
  title     = {How to remove headers and footers for pages between chapters?},
  url       = {https://tex.stackexchange.com/questions/1681/how-to-remove-headers-and-footers-for-pages-between-chapters},
  owner     = {jens},
  timestamp = {2019-09-23},
}

@Comment{jabref-meta: databaseType:biblatex;}

@Comment{jabref-entrytype: Latexpackage: req[title] opt[author;version;url]}

@Comment{jabref-entrytype: Xdata: req[] opt[]}
