%comment{This file was created with betterbib v4.0.0.}


@online{BasuVersioning,
	author = {Basu, Aditya},
	title = {Versioning Resume (\\\& LaTeX docs) using Git SHA},
	date = {2019-07-05},
	url = {https://www.adityabasu.me/blog/2019/07/resume-with-git-sha-version/},
	urldate = {2020-09-26},
}

@online{stack:tex:checkwrite18,
	title = {shell escape - How do you detect restricted write18 support - TeX - LaTeX Stack Exchange},
	url = {https://tex.stackexchange.com/questions/88614/how-do-you-detect-restricted-write18-support},
	urldate = {2021-08-13},
}

@online{stack:tex:filetovar,
	author = {Th and abyshukla},
	title = {Read a file and store its contents in a variable},
	date = {2017-06-28},
	url = {https://tex.stackexchange.com/questions/377118/read-a-file-and-store-its-contents-in-a-variable},
	urldate = {2020-09-26},
}
