%comment{This file was created with betterbib v4.0.0.}


@entry{monorepo,
	name = {Monorepo},
	description-de = {Monolithisches \gls {repo}},
}
