@online{wikipedia:commons:pdficon,
    author = {Joe Roe},
    title = {File:PDF icon.svg},
    date = {2021-09-08},
    url = {https://commons.wikimedia.org/wiki/File:PDF_icon.svg?uselang=de},
    urldate = {2021-09-13},
    license = {CC-1.0-0},
}

@online{wikipedia:commons:epubicon,
    author = {Koreller},
    title = {File:Icon epub file alt.svg},
    date = {2021-01-29},
    url = {httpsmons.wikimedia.org/wiki/File:Icon_epub_file_alt.svg?uselang=de},
    urldate = {2021-09-13},
    license = {CC-1.0-0},
}

@online{w3:epub3,
    author = {W3C EPUB 3 Community Group},
    title = {EPUB 3.2},
    date = {2019-05-08},
    url = {https://www.w3.org/publishing/epub3/index.html},
    urldate = {2021-09-14}
}
