%comment{This file was created with betterbib v4.0.0.}


@preamble{"\RequirePackage{babel}"}

@preamble{"\RequirePackage{csquotes}"}

@preamble{"\RequirePackage{biblatex}"}

@preamble{"\addbibresource{bibliographies/BlackAluminiumFoxPresentation.bib}"}

@entry{epub,
	name = {ePUB},
	description-de = {Dateiformat f\"ur den Austausch und die Verbreitung von digitalen Ver\"offentlichungen und Dokumenten \autocite {w3:epub3}},
	description-en = {\hybridblockquote {english}[\autocite {w3:epub3}]{EPUB\textregistered {} defines a distribution and interchange format for digital publications and documents. The EPUB format provides a means of representing, packaging and encoding structured and semantically enhanced Web content---including HTML, CSS, SVG and other resources---for distribution in a single-file container.}},
}

@entry{unsupervised-learning,
	name = {Unsupervised Learning},
	description-de = {eine Art des Machine Learnings, bei welchem es keine Klassifizierung der Daten und nur minimale menschliche Hilftestellung gibt ausserhalb der Bewertung der Ergebnisse \autocite {World}},
}
