% Encoding: UTF-8

@Misc{stackexchange:tex:beamer-from-scratch,
  title        = {tikz pgf - Design a custom Beamer theme from scratch - TeX - LaTeX Stack Exchange},
  howpublished = {\url{https://tex.stackexchange.com/questions/146529/design-a-custom-beamer-theme-from-scratch}},
  note         = {(Accessed on 03/02/2020)},
}

@Misc{texwelt:tikz-anchor,
  title        = {TikZ: Wie muss ich den anchor richtig setzen? - TeXwelt},
  howpublished = {\url{https://texwelt.de/fragen/21486/tikz-wie-muss-ich-den-anchor-richtig-setzen}},
  note         = {(Accessed on 03/02/2020)},
}

@Misc{stackexchange:tex:tikz-position-relative-to-page,
  title        = {Positioning relative to page in TikZ - TeX - LaTeX Stack Exchange},
  howpublished = {\url{https://tex.stackexchange.com/questions/89588/positioning-relative-to-page-in-tikz}},
  note         = {(Accessed on 03/02/2020)},
}

@Misc{stackexchange:tex:beamer-transparent-background,
  title        = {graphics - Beamer: Transparent AND centered background image on intro slide - TeX - LaTeX Stack Exchange},
  howpublished = {\url{https://tex.stackexchange.com/questions/108356/beamer-transparent-and-centered-background-image-on-intro-slide}},
  note         = {(Accessed on 03/02/2020)},
}

@Misc{stackexchange:tex:beamer-theme-from-scratch,
  title        = {Designing a beamer theme from scratch : what to put in inner/outer/color - TeX - LaTeX Stack Exchange},
  howpublished = {\url{https://tex.stackexchange.com/questions/270112/designing-a-beamer-theme-from-scratch-what-to-put-in-inner-outer-color}},
  note         = {(Accessed on 03/02/2020)},
}

@Misc{stackexchange:tex:beamer-background-image,
  title        = {Background image in beamer slides - TeX - LaTeX Stack Exchange},
  howpublished = {\url{https://tex.stackexchange.com/questions/78464/background-image-in-beamer-slides}},
  note         = {(Accessed on 03/02/2020)},
}

@Online{stackexchange:tex:beamer-change-color,
  author  = {Wild Feather},
  title   = {Change color in beamer theme},
  url     = {https://tex.stackexchange.com/questions/368784/change-color-in-beamer-theme},
  urldate = {2020-03-08},
}

@Online{wikibooks:en:LaTeX/Colors,
  title   = {LaTeX/Colors - Wikibooks, open books for an open world},
  url     = {https://en.wikibooks.org/wiki/LaTeX/Colors},
  urldate = {2020-03-09},
}

@Online{GU:Farben,
  title   = {FARBEN},
  url     = {https://www.muk.uni-frankfurt.de/52945514/Farben?},
  urldate = {2020-03-09},
}

@Online{texwelt:tikz-matrix-oder-chain,
  title   = {Folgen dieser Frage},
  url     = {https://texwelt.de/fragen/18808/tikz-matrix-oder-chain},
  urldate = {2020-03-09},
}

@Online{texwelt:frametitle-in-beamer,
  title   = {Folgen dieser Frage},
  url     = {https://texwelt.de/fragen/10258/frametitle-in-beamer},
  urldate = {2020-03-10},
}

@Online{stackexchange:tex:beamer-uncover-tikz-nodes,
  author  = {Cactus},
  title   = {Beamer vs. TikZ: uncover nodes step-by-step},
  url     = {https://tex.stackexchange.com/questions/9094/beamer-vs-tikz-uncover-nodes-step-by-step},
  urldate = {2020-03-10},
}

@Online{stackexchange:tex:beamer-add-subtitle,
  author  = {Nax},
  title   = {How to add a subtitle to a beamer?},
  url     = {https://tex.stackexchange.com/questions/144388/how-to-add-a-subtitle-to-a-beamer},
  urldate = {2020-03-10},
}

@Online{stackexchange:tex:beamer-frametitle,
  author  = {aura},
  title   = {How to customize the frame title, subtitle, main text, in terms of position, and font},
  url     = {https://tex.stackexchange.com/questions/415621/how-to-customize-the-frame-title-subtitle-main-text-in-terms-of-position-and},
  urldate = {2020-03-10},
}

@Online{stackexchange:tex:beamer-theme-bottom-bar,
  author  = {richtera},
  title   = {Singapore Beamer Theme - add bottom bar with author info},
  url     = {https://tex.stackexchange.com/questions/49997/singapore-beamer-theme-add-bottom-bar-with-author-info},
  urldate = {2020-03-10},
}

@Online{stackexchange:tex:itemize-inside-tikz-node,
  author  = {xnx},
  title   = {Itemize list inside a tikzpicture node},
  url     = {https://tex.stackexchange.com/questions/220820/itemize-list-inside-a-tikzpicture-node},
  urldate = {2020-03-10},
}

@Online{CTAN:qrcode,
  title   = {CTAN: Paket qrcode},
  url     = {https://ctan.org/pkg/qrcode?lang=de},
  urldate = {2020-03-11},
}

@Online{stackexchange:tex:graphics-as-bullet-points,
  author  = {Sean Raleigh},
  title   = {Can one replace bullet points with graphics?},
  url     = {https://tex.stackexchange.com/questions/12735/can-one-replace-bullet-points-with-graphics},
  urldate = {2020-03-11},
}

@Comment{jabref-meta: databaseType:biblatex;}
