% Encoding: UTF-8

@Online{Heinrich2019data,
  author    = {Jens Heinrich},
  title     = {Gemessene Daten},
  year      = {2019},
  url       = {https://github.com/s0160187/bachelor_thesis},
  crossref  = {Heinrich2019thesis},
  owner     = {jens},
  timestamp = {2019-09-21},
}

@Unpublished{PriesMalmskog2008,
  author    = {Pries, Rachel and Malmskog, Beth},
  title     = {Maximal Curves and Application to Coding Theory},
  date      = {2008},
  url       = {https://www.math.colostate.edu/~pries/costaricalectures.pdf},
  eprint    = {https://www.math.colostate.edu/~pries/costaricalectures.pdf},
  file      = {:costaricalectures.pdf:PDF;:costaricalectures - Maximal Curves and Application to Coding Theory.pdf:PDF},
  keywords  = {bachelor:mathe, bachelor_mathe},
  owner     = {jens},
  timestamp = {2019-07-09},
}

@Book{Walker1999,
  author    = {Walker, Judy L.},
  title     = {Codes and Curves},
  year      = {2000},
  date      = {1999-05-17},
  volume    = {7},
  series    = {Student mathematical library},
  publisher = {American Mathematical Society},
  isbn      = {978-0-8218-2628-7},
  doi       = {10.1090/stml/007},
  url       = {http://www.ams.org/bookstore-getitem/item=STML-7},
  bibsource = {dblp computer science bibliography, https://dblp.org},
  biburl    = {https://dblp.org/rec/bib/books/daglib/0031296},
  file      = {:Walker1999 - Codes and Curves.pdf:PDF},
  keywords  = {bachelor:mathe, bachelor_mathe},
  owner     = {jens},
  timestamp = {2019-09-05},
}

@Thesis{Heinrich2019thesis,
  author    = {Jens Heinrich},
  title     = {Analyse der Implementierung von algebraisch-geometrischen Codes},
  year      = {2019},
  url       = {https://github.com/s0160187/bachelor_thesis},
  owner     = {jens},
  timestamp = {2019-09-21},
}

@Comment{jabref-meta: databaseType:biblatex;}
