%comment{This file was created with betterbib v4.0.0.}


@online{dhbw,
	author = {Baden-Württemberg, Duale Hochschule},
	title = {DHBW Standorte},
	year = {2021},
	url = {https://www.dhbw.de/startseite},
	urldate = {2021-09-21},
}

@online{ub:ueber,
	author = {{Universitätsbibliothek Frankfurt am Main}},
	title = {\"Uber die Universit\"atsbibliothek},
	date = {2020},
	url = {https://www.ub.uni-frankfurt.de/ueber/},
	urldate = {2020-09-21},
}

@online{​gu:ueber,
	author = {{Goethe-Universität Frankfurt am Main}},
	title = {{\char 8203}\"Uber die Goethe-Universit\"at},
	year = {2020},
	date = {2004-2020},
	url = {https://www.uni-frankfurt.de/38072119/ueber},
	urldate = {2020-09-24},
}
