@license{mpl-2.0,
	short={MPL-2.0},
	url={https://www.mozilla.org/en-US/MPL/2.0/},
	long={Mozilla Public License---Version 2.0},
}

@license{cc-by-sa-4.0,
	short={CC-BY-SA-4.0},
	long={Creative Commons Attribution-ShareAlike 4.0 International Public License},
	url={https://creativecommons.org/licenses/by-sa/4.0/legalcode},
}

