%comment{This file was created with betterbib v4.0.0.}


@online{ABBYY:homepage,
	author = {{Abbyy}},
	title = {ABBYY FineReader PDF},
	date = {2020},
	url = {https://www.abbyy.com/de/finereader/},
	urldate = {2020-09-27},
}

@online{BOAI:german,
	author = {{Budapest Open Access Initiative}},
	title = {Budapest Open Access Initiative | German Translation},
	date = {2002-01-17},
	url = {https://www.budapestopenaccessinitiative.org/translations/german-translation},
	urldate = {2020-09-24},
}

@online{Korzen2020,
	author = {Korzen, Celina},
	title = {R-Scripts},
	date = {2020-09-24},
	url = {https://dev.git.ub.uni-frankfurt.de/apachzelt/ocrd-evalution-gold-standard-texts},
	urldate = {2020-09-25},
}

@online{ocrdpilot:gt,
	author = {Pachzelt, Adrian and Heinrich, Jens},
	title = {Goldstandard},
	year = {2020},
	url = {https://dev.git.ub.uni-frankfurt.de/apachzelt/ocrd-evalution-gold-standard-texts},
}

@online{stack:tex:sidewaysgraphic,
	author = {epsilon8 and jub0bs},
	title = {how to turn latex figure by 90 degrees along with the caption? [duplicate]},
	date = {2013-03-09},
	url = {https://tex.stackexchange.com/questions/101645/how-to-turn-latex-figure-by-90-degrees-along-with-the-caption},
	urldate = {2020-09-22},
}

@online{ub:ueber,
	author = {{Universitätsbibliothek Frankfurt am Main}},
	title = {\"Uber die Universit\"atsbibliothek},
	date = {2020},
	url = {https://www.ub.uni-frankfurt.de/ueber/},
	urldate = {2020-09-21},
}

@online{w3:xml,
	author = {W3C},
	title = {Extensible Markup Language (XML) 1.0 (Fifth Edition)},
	year = {2008},
	url = {https://www.w3.org/TR/xml/},
	urldate = {2020-09-23},
}

@online{​gu:ueber,
	author = {{Goethe-Universität Frankfurt am Main}},
	title = {{\char 8203}\"Uber die Goethe-Universit\"at},
	year = {2020},
	date = {2004-2020},
	url = {https://www.uni-frankfurt.de/38072119/ueber},
	urldate = {2020-09-24},
}
