%comment{This file was created with betterbib v4.0.0.}


@preamble{"\RequirePackage{babel}"}

@preamble{"\RequirePackage{csquotes}"}

@preamble{"\RequirePackage{biblatex}"}

@preamble{"\addbibresource{bibliographies/QuestioningClustersPresentation.bib}"}

@software{kubectl,
	name = {kubectl},
	parent = {k8s},
	description-de = {Anwendung zur Verwaltung von \gls {k8s}[-Clustern]},
}

@acronym{lamp,
	short = {LAMP},
	long = {Linux \gls {apache} \gls {mysql} \gls {php}},
	description-de = {Weit verbreiter Grundaufbau von Web-Applikationen},
}

@software{mysql,
	url = {https://www.mysql.com},
	description-de = {\hybridblockquote {german}[mysql:de]{Die popul\"arste Open-Source-Datenbank der Welt}},
}
