%comment{This file was created with betterbib v4.0.0.}


@inproceedings{43438,
	author = {Verma, Abhishek and Pedrosa, Luis and Korupolu, Madhukar R. and Oppenheimer, David and Tune, Eric and Wilkes, John},
	title = {Large-scale cluster management at {Google} with {Borg}},
	year = {2015},
	booktitle = {Proceedings of the European Conference on Computer Systems (EuroSys)},
	address = {Bordeaux, France},
	url = {https://storage.googleapis.com/pub-tools-public-publication-data/pdf/43438.pdf},
}

@misc{BillBaker,
	author = {Baker, Bill},
	title = {Untitled Talk},
	date = {2011/2012},
}

@online{Cwienczek2020,
	author = {Cwienczek, Michal},
	title = {Simple backup of postgres database in kubernetes},
	date = {2020-06-02},
	url = {https://cwienczek.com/2020/06/simple-backup-of-postgres-database-in-kubernetes/},
	urldate = {2021-08-27},
}

@online{Kiewiet2021Scaling,
	author = {Kiewiet, Cees-Jan},
	title = {Scaling PHP FPM based on utilization demand on Kubernetes --- Cees-Jan Kiewiet's blog},
	date = {2021-01-04},
	url = {https://blog.wyrihaximus.net/2021/01/scaling-php-fpm-based-on-utilization-demand-on-kubernetes/},
	urldate = {2021-07-22},
}

@online{Kubernetes:homepage,
	author = {{The Kubernetes Authors}},
	title = {Kubernetes},
	year = {2021},
	url = {https://kubernetes.io/},
	urldate = {2021-08-08},
}

@online{Kubernetes:homepage:de,
	author = {{The Kubernetes Authors}},
	title = {Kubernetes},
	year = {2021},
	url = {https://kubernetes.io/de/},
	urldate = {2021-09-14},
}

@book{Liebel2017SkalierbareContainerInfrastrukturen,
	author = {Liebel, Oliver},
	title = {Skalierbare Container-Infrastrukturen},
	subtitle = {das Handbuch f{\"u}r Administratoren},
	edition = {1. Auflage},
	publisher = {Rheinwerk},
	address = {Bonn},
	year = {2017},
	pages = {1071 Seiten},
	language = {ger},
	isbn13 = {978-3-8362-4366-7},
	isbn = {3-8362-4366-0},
	keywords = {Container <Informatik> / Virtualisierung / Skalierbarkeit / Softwareproduktionsumgebung / Docker 1.12},
	library = {UB [Signatur: LN-U 10-18428]},
}

@online{Lusitaniae:apacheexporter,
	author = {Lusitaniae},
	title = {Apache Exporter for Prometheus},
	date = {2021-07-29},
	url = {https://github.com/Lusitaniae/apache_exporter/tree/c64b4496c4658d72c58fbda905a70c06a4b7f0c7},
	urldate = {2021-08-30},
}

@online{Maloku2018Back,
	author = {Maloku, Rinor},
	title = {Back up databases using Kubernetes CronJobs},
	date = {2018-09-24},
	url = {https://www.orange-networks.com/blogs/208-back-up-databases-using-kubernetes-cronjobs},
	urldate = {2021-08-27},
}

@online{SLA:90,
	title = {SLA \& Uptime calculator: How much downtime corresponds to 90 \% uptime},
	url = {https://uptime.is/90},
	urldate = {2021-08-30},
}

@online{SLA:95,
	title = {SLA \& Uptime calculator: How much downtime corresponds to 95 \% uptime},
	url = {https://uptime.is/95},
	urldate = {2021-08-30},
}

@online{SLA:99,
	title = {SLA \& Uptime calculator: How much downtime corresponds to 99 \% uptime},
	url = {https://uptime.is/two-nines},
	urldate = {2021-08-30},
}

@article{admin:phpfpm,
	author = {SchÃ¼rmann, Tim},
	title = {Der PHP-Interpreter PHP-FPM},
	subtitle = {Ersatzspieler},
	journaltitle = {{ADMIN}},
	journalsubtitle = {Netzwerk \& Security},
	year = {2012},
	month = jun,
	url = {https://www.admin-magazin.de/Das-Heft/2012/06/Der-PHP-Interpreter-PHP-FPM},
	urldate = {2021-08-10},
}

@online{apache:httpd,
	author = {Foundation, The Apache Software},
	title = {Welcome! - The Apache HTTP Server Project},
	url = {https://httpd.apache.org/},
	urldate = {2021-08-12},
}

@book{beyer2018site,
	author = {Beyer, B. and Murphy, N.R. and Rensin, D.K. and Kawahara, K. and Thorne, S.},
	title = {The Site Reliability Workbook: Practical Ways to Implement SRE},
	isbn = {9781492029458},
	lccn = {2018277479},
	url = {https://sre.google/workbook/table-of-contents/},
	year = {2018},
	publisher = {O'Reilly Media},
}

@online{calver,
	author = {Hashemi, Mahmoud},
	title = {Calendar Versioning --- CalVer},
	date = {2019-07-01},
	url = {https://calver.org/#scheme},
	urldate = {2021-08-25},
}

@online{docker:docs:Dockerfile,
	author = {{Docker Inc.}},
	title = {Dockerfile reference},
	year = {2021},
	url = {https://docs.docker.com/engine/reference/builder/},
	urldate = {2021-08-25},
}

@online{fstab:grok_exporter,
	author = {fstab},
	title = {>grok\_export},
	date = {2020-09-22},
	url = {https://github.com/fstab/grok_exporter/tree/9a9c6da699a55365999cc47be72064e64eadb9b7},
	urldate = {2021-08-30},
}

@online{helm:charts,
	author = {{Helm Authors}},
	title = {Charts},
	year = {2021},
	url = {https://helm.sh/docs/topics/charts/},
	urldate = {2021-08-24},
}

@online{helm:charts:issue:randompasswordschange,
	author = {michaelfig},
	title = {[stable/*] Random passwords change on upgrade. Create and document charts solution},
	date = {2018-05-23},
	url = {https://github.com/helm/charts/issues/5167#issuecomment-391217465},
	urldate = {2021-08-25},
}

@online{icinga2:about,
	author = {GmbH, Icinga},
	title = {About Icinga 2},
	year = {2021},
	url = {https://icinga.com/docs/icinga-2/latest/doc/01-about/},
	urldate = {2021-08-30},
}

@online{kubernetes:blog:borg,
	author = {{The Kubernetes Authors}},
	title = {Borg: The Predecessor to Kubernetes},
	date = {2018-04-23},
	url = {https://kubernetes.io/blog/2015/04/borg-predecessor-to-kubernetes/},
	urldate = {2021-08-24},
}

@online{kubernetes:docs:concepts:architecture:nodes,
	author = {{The Kubernetes Authors}},
	title = {Nodes},
	year = {2021},
	url = {https://kubernetes.io/docs/concepts/architecture/nodes/},
	urldate = {2021-08-30},
}

@online{kubernetes:docs:concepts:configuration:secret,
	author = {{The Kubernetes Authors}},
	title = {Job},
	year = {2021},
	url = {https://kubernetes.io/docs/concepts/configuration/secret/},
	urldate = {2021-08-20},
}

@online{kubernetes:docs:concepts:containers,
	author = {{The Kubernetes Authors}},
	title = {Containers},
	year = {2021},
	url = {https://kubernetes.io/docs/concepts/containers/},
	urldate = {2021-08-20},
}

@online{kubernetes:docs:concepts:cronjob,
	author = {{The Kubernetes Authors}},
	title = {Job},
	year = {2021},
	url = {https://kubernetes.io/docs/concepts/workloads/controllers/cron-jobs/},
	urldate = {2021-08-20},
}

@online{kubernetes:docs:concepts:ingress,
	author = {{The Kubernetes Authors}},
	title = {Ingress},
	year = {2021},
	url = {https://kubernetes.io/docs/concepts/services-networking/ingress/},
	urldate = {2021-08-25},
}

@online{kubernetes:docs:concepts:job,
	author = {{The Kubernetes Authors}},
	title = {Job},
	year = {2021},
	url = {https://kubernetes.io/docs/concepts/workloads/controllers/job/},
	urldate = {2021-08-20},
}

@online{kubernetes:docs:concepts:overview,
	author = {{The Kubernetes Authors}},
	title = {Overview},
	year = {2021},
	url = {https://kubernetes.io/docs/concepts/overview/},
	urldate = {2021-08-24},
}

@online{kubernetes:docs:concepts:pods,
	author = {{The Kubernetes Authors}},
	title = {Pods},
	year = {2021},
	url = {https://kubernetes.io/docs/concepts/pods/},
	urldate = {2021-08-20},
}

@online{kubernetes:docs:concepts:service,
	author = {{The Kubernetes Authors}},
	title = {Service},
	year = {2021},
	url = {https://kubernetes.io/docs/concepts/services-networking/service/},
	urldate = {2021-08-25},
}

@online{kubernetes:docs:concepts:workloads,
	author = {{The Kubernetes Authors}},
	title = {Workloads},
	year = {2021},
	url = {https://kubernetes.io/docs/concepts/workloads/},
	urldate = {2021-08-24},
}

@online{limesurvey:docker,
	author = {martialblog},
	version = {b93f79bd4e8fffa59d2a780a6307a111974c522f},
	title = {docker-limesurvey},
	date = {2021-08-24},
	url = {https://github.com/martialblog/docker-limesurvey/tree/b93f79bd4e8fffa59d2a780a6307a111974c522f},
	urldate = {2021-08-25},
}

@online{limesurvey:helm,
	version = {2b154908187518f22edbd35f3ba146d916f19136},
	url = {https://github.com/martialblog/helm-charts/tree/2b154908187518f22edbd35f3ba146d916f19136},
	title = {helm-charts},
}

@online{limesurvey:helm:issue:autogenerated,
	author = {martialblog},
	title = {Feature Request: Replace the hard coded default secrets with autogenerated ones},
	year = {2021},
	url = {https://github.com/martialblog/helm-charts/issues/20},
	urldate = {2021-08-25},
}

@online{limesurvey:homepage,
	author = {Schmitz, Carsten},
	title = {L\"osungen f\"ur Kundenbefragungen},
	year = {2021},
	url = {https://www.limesurvey.org/de},
	urldate = {2021-08-08},
}

@online{limesurvey:manual,
	title = {Installation - LimeSurvey CE},
	year = {2021},
	url = {https://manual.limesurvey.org/Installation_-_LimeSurvey_CE},
	urldate = {2021-08-10},
}

@online{limesurvey:manual:cli,
	title = {Installation using a command line interface (CLI)},
	url = {https://manual.limesurvey.org/Installation_using_a_command_line_interface_(CLI)},
	year = {2021},
	urldate = {2021-08-12},
}

@online{limesurvey:manual:ldap,
	title = {LDAP settings},
	url = {https://manual.limesurvey.org/LDAP_settings},
	urldate = {2021-08-14},
}

@book{newman2019monolith,
	author = {Newman, S.},
	title = {Monolith to Microservices: Evolutionary Patterns to Transform Your Monolith},
	year = {2019},
	publisher = {O'Reilly Media, Incorporated},
	isbn = {9781492047841},
	url = {https://books.google.de/books?id=iul3wQEACAAJ},
}

@online{nginx:wiki,
	author = {Inc, F5},
	title = {Welcome to NGINX Wiki! | NGINX},
	url = {https://www.nginx.com/resources/wiki/},
	year = {2018},
	urldate = {2021-08-12},
}

@online{overleaf:subfigures,
	title = {Figures, Subfigures and Tables},
	url = {https://de.overleaf.com/learn/latex/How_to_Write_a_Thesis_in_LaTeX_(Part_3):_Figures,_Subfigures_and_Tables},
	urldate = {2021-08-30},
}

@online{php:faq,
	author = {Group, The PHP},
	title = {User Contributed Notes},
	year = {2021},
	url = {https://www.php.net/manual/en/faq.general.php},
	urldate = {2021-08-10},
}

@online{php:homepage,
	year = {2021},
	url = {https://www.php.net},
	urldate = {2021-08-19},
}

@online{phpfpm:homepage,
	title = {PHP-FPM},
	url = {https://php-fpm.org/},
	urldate = {2021-08-27},
}

@online{semver:2.0.0,
	author = {Preston-Werner, Tom},
	title = {Semantic Versioning 2.0.0},
	date = {2021-06-26},
	url = {https://semver.org/spec/v2.0.0.html},
	urldate = {2021-08-25},
}
