%comment{This file was created with betterbib v4.0.0.}


@entry{authn,
	name-en = {Authenification},
	name-de = {Authentifikation},
	description-de = {Feststellen, dass ein Nutzer eine Identit\"at hat},
}

@entry{authz,
	name-de = {Authorisation},
	name-en = {Authorization},
	description-de = {Feststellen, dass eine Identit\"at bestimmte Rechte hat},
}

@entry{identityprovider,
	short = {IdP},
	long = {Identity Provider},
	description-de = {Komponente des \glsxtrp {name}{saml}, welche die Identit\"aten best\"atigt (\gls {authn})},
}

@entry{saml,
	short = {SAML},
	long = {Security Assertion Markup Language},
	description-de = {\gls {xml}[-Framework] um Informationen \"uber \gls {authn} und \gls {authz} auszutauschen},
}

@entry{serviceprovider,
	long = {Serviceprovider},
	short = {SP},
	description-de = {Komponente des \glsxtrp {name}{saml}, welche einen Service zur Verf\"ugung stellt},
}

@entry{shibboleth,
	name = {Shibboleth},
	description-de = {ein \gls {saml} basiertes \gls {singlesignon}[-System]},
}

@acronym{singlesignon,
	long = {Single-Sign-On},
	short = {SSO},
	description-de = {M\"oglichkeit zur Anmeldung f\"ur verschiedene Dienste an einheitlicher Stelle},
}
