% Encoding: UTF-8
% shortcuts
#

@entry{jcs,
	name={Universit\"atsbibliothek Johann Christian Senckenberg},
	description-de={
		\textquote[\autocite{ub:ueber}]{%
		Seit dem 1.1.2005 sind Stadt- und Universitätsbibliothek Frankfurt am Main (StUB) und Senckenbergische Bibliothek (SeB) gemeinsam die zentrale Bibliothek der Universität Frankfurt am Main mit dem neuen Namen »Universitätsbibliothek Johann Christian Senckenberg«.%
		}
		},
}

@entry{gu,
	name={Goethe-Universit\"at},
	description-de={
		 \textquote[\autocite{gu:uebr}]{
		 Die Goethe-Universität ist eine weltoffene Werkstatt der Zukunft mitten in Europa. 1914 von BürgerInnen für BürgerInnen gegründet, hat sie seit 2008 als autonome Stiftungsuniversität an diese Tradition wieder angeknüpft. Ihrer wechselvollen Geschichte kritisch verpflichtet, ist sie geleitet von den Ideen der Europäischen Aufklärung, der Demokratie und der Rechtsstaatlichkeit und wendet sich gegen Rassismus, Nationalismus und Antisemitismus. Die Goethe-Universität ist ein Ort argumentativer Auseinandersetzung; Forschung und Lehre stehen in gesellschaftlicher Verantwortung. Mit Johann Wolfgang Goethe als Dichter, Denker und Naturforscher verbindet sie innovatives Denken und fächerübergreifendes Handeln.}
	},
}

@index{artifact,
	name={Artefakt},
	plural={Artefakt},
}

@index{inlineini,
	name={{}\texttt{inline}-\texttt{ini}},
}
@Comment{jabref-meta: databaseType:bibtex;}
