%comment{This file was created with betterbib v4.0.0.}


@software{abbyfinereader,
	name = {ABBYY FineReader},
	description-de = {\foreigntextquote {english}[\autocite {ABBYY:homepage}]{The smarter PDF solution}},
	url = {https://www.abbyy.com/de/finereader/},
}

@software{ansible,
	name = {Ansible},
	url = {ansible.com},
	license = {GPL-3.0},
	seealso = {managmenttool},
	description-de = {\foreigntextquote {english}[\autocite {ansible:homepage}]{\% Ansible is the only automation language that can be used across entire IT teams from systems and network administrators to developers and managers. }},
}

@role{ansible:dev:adminusers,
	url = {https://dev.git.ub.uni-frankfurt.de/ansible-dev/admin_users},
	name = {admin-users},
}

@repo{ansible:dev:ansible,
	name = {ansible},
	url = {https://dev.git.ub.uni-frankfurt.de/ansible-dev/ansible},
}

@role{ansible:dev:centos-vm,
	url = {https://dev.git.ub.uni-frankfurt.de/ansible-dev/centos-vm},
	name = {centos-vm},
}

@role{ansible:dev:centosvm,
	url = {https://dev.git.ub.uni-frankfurt.de/ansible-dev/centos-vm},
	name = {centos-vm},
}

@role{ansible:dev:certificatedefault,
	url = {https://dev.git.ub.uni-frankfurt.de/ansible-dev/certificate_default},
	name = {certificate-default},
}

@role{ansible:dev:certificatedomain,
	url = {https://dev.git.ub.uni-frankfurt.de/ansible-dev/certificate_domain},
	name = {certificate-domain},
}

@role{ansible:dev:drone-baremetal,
	url = {https://dev.git.ub.uni-frankfurt.de/ansible-dev/drone-baremetal},
	name = {drone-baremetal},
}

@role{ansible:dev:drone-gitea,
	url = {https://dev.git.ub.uni-frankfurt.de/ansible-dev/drone-gitea},
	name = {drone-gitea},
}

@role{ansible:dev:drone-runner,
	url = {https://dev.git.ub.uni-frankfurt.de/ansible-dev/drone-runner},
	name = {drone-runner},
}

@role{ansible:dev:giteahost,
	name = {gitea-host},
	url = {https://dev.git.ub.uni-frankfurt.de/ansible-dev/gitea_host},
}

@role{ansible:dev:giteaubtheme,
	url = {https://dev.git.ub.uni-frankfurt.de/ansible-dev/gitea_ub_theme},
	name = {gitea-ub-theme},
}

@role{ansible:dev:grafanahost,
	url = {https://dev.git.ub.uni-frankfurt.de/ansible-dev/grafana_host},
	name = {grafana-host},
}

@role{ansible:dev:icinga2host,
	url = {https://dev.git.ub.uni-frankfurt.de/ansible-dev/icinga2_host},
	name = {icinga2-host},
}

@role{ansible:dev:icinga2monitoredgit,
	url = {https://dev.git.ub.uni-frankfurt.de/ansible-dev/icinga2_monitored.git},
	name = {icinga2-monitored},
}

@repo{ansible:dev:inventory,
	url = {https://dev.git.ub.uni-frankfurt.de/ansible-dev/inventory},
	name = {inventory},
}

@role{ansible:dev:jumphostgit,
	url = {https://dev.git.ub.uni-frankfurt.de/ansible-dev/jump_host.git},
	name = {jump-host},
}

@role{ansible:dev:kvmhost,
	url = {https://dev.git.ub.uni-frankfurt.de/ansible-dev/kvm_host},
	name = {kvm-host},
}

@repo{ansible:dev:library,
	url = {https://dev.git.ub.uni-frankfurt.de/ansible-dev/library.git},
	name = {library},
}

@role{ansible:dev:logrotate,
	url = {https://dev.git.ub.uni-frankfurt.de/ansible-dev/logrotate},
	name = {logrotate},
}

@role{ansible:dev:managedhost,
	url = {https://dev.git.ub.uni-frankfurt.de/ansible-dev/managed_host},
	name = {managed-host},
}

@role{ansible:dev:managmenthost,
	url = {https://dev.git.ub.uni-frankfurt.de/ansible-dev/managment_host},
	name = {managment-host},
}

@role{ansible:dev:matomogit,
	url = {https://dev.git.ub.uni-frankfurt.de/ansible-dev/matomo.git},
	name = {matomo},
}

@role{ansible:dev:mongodbgit,
	url = {https://dev.git.ub.uni-frankfurt.de/ansible-dev/mongodb.git},
	name = {mongodb},
}

@role{ansible:dev:monitorhost,
	url = {https://dev.git.ub.uni-frankfurt.de/ansible-dev/monitor_host},
	name = {monitor-host},
}

@role{ansible:dev:nginx,
	url = {https://dev.git.ub.uni-frankfurt.de/ansible-dev/nginx},
	name = {nginx},
}

@role{ansible:dev:ntp-client,
	url = {https://dev.git.ub.uni-frankfurt.de/ansible-dev/ntp-client},
	name = {ntp-client},
}

@role{ansible:dev:orcd-pilot-ansible-role,
	url = {https://dev.git.ub.uni-frankfurt.de/orcd-pilot/orcd-pilot-ansible-role},
	name = {ocrd-pilot},
}

@role{ansible:dev:phpfpmnginx,
	url = {https://dev.git.ub.uni-frankfurt.de/ansible-dev/php_fpm_nginx},
	name = {php-fpm-nginx},
}

@role{ansible:dev:podmanregistry,
	url = {https://dev.git.ub.uni-frankfurt.de/ansible-dev/podman_registry},
	name = {podman-registry},
}

@role{ansible:dev:prometheusapacheexporter,
	url = {https://dev.git.ub.uni-frankfurt.de/ansible-dev/prometheus_apache_exporter},
	name = {prometheus-apache-exporter},
}

@role{ansible:dev:prometheusblackboxexporter,
	url = {https://dev.git.ub.uni-frankfurt.de/ansible-dev/prometheus_blackbox_exporter},
	name = {prometheus-blackbox-exporter},
}

@role{ansible:dev:prometheusnode,
	url = {https://dev.git.ub.uni-frankfurt.de/ansible-dev/prometheus_node},
	name = {prometheus-node},
}

@role{ansible:dev:prometheusnodeexporter,
	url = {https://dev.git.ub.uni-frankfurt.de/ansible-dev/prometheus_node_exporter},
	name = {prometheus-node-exporter},
}

@role{ansible:dev:reverseproxygit,
	url = {https://dev.git.ub.uni-frankfurt.de/ansible-dev/reverse_proxy.git},
	name = {reverse-proxy},
}

@role{ansible:dev:rocketchathost,
	url = {https://dev.git.ub.uni-frankfurt.de/ansible-dev/rocket_chat_host},
	name = {rocket-chat-host},
}

@role{ansible:dev:router,
	url = {https://dev.git.ub.uni-frankfurt.de/ansible-dev/router},
	name = {router},
}

@role{ansible:dev:sles-vm,
	url = {https://dev.git.ub.uni-frankfurt.de/ansible-dev/sles-vm},
	name = {sles-vm},
}

@role{ansible:dev:supervisordhost,
	url = {https://dev.git.ub.uni-frankfurt.de/ansible-dev/supervisord_host},
	name = {supervisord-host},
}

@role{ansible:dev:supervisordservice,
	url = {https://dev.git.ub.uni-frankfurt.de/ansible-dev/supervisord_service},
	name = {supervisord-service},
}

@role{ansible:dev:template,
	url = {https://dev.git.ub.uni-frankfurt.de/ansible-dev/template},
	name = {template},
}

@role{ansible:dev:traefik,
	url = {https://dev.git.ub.uni-frankfurt.de/ansible-dev/traefik},
	name = {traefik},
}

@role{ansible:dev:traefiksimpleproxy,
	url = {https://dev.git.ub.uni-frankfurt.de/ansible-dev/traefik_simple_proxy},
	name = {traefik-simple-proxy},
}

@role{ansible:dev:tsmclient,
	url = {https://dev.git.ub.uni-frankfurt.de/ansible-dev/tsm_client},
	name = {tsm-client},
}

@role{ansible:dev:updatenotifications,
	url = {https://dev.git.ub.uni-frankfurt.de/ansible-dev/update_notifications},
	name = {update-notifications},
}

@role{ansible:dev:woodpecker,
	url = {https://dev.git.ub.uni-frankfurt.de/ansible-dev/woodpecker},
	name = {woodpecker},
}

@repo{ansible:pub:gitea-ldap-team-sync,
	url = {https://dev.git.ub.uni-frankfurt.de/ansible-pub/gitea-ldap-team-sync},
	name = {gitea-ldap-team-sync},
	description-de = {In Python geschriebene Software, um LDAP (bzw. AD)-Gruppen auf \gls {gitea}-Teams abzubilden},
}

@repo{ansible:pub:template,
	url = {https://dev.git.ub.uni-frankfurt.de/ansible-pub/template},
	name = {template},
}

@entry{atlassian,
	name = {Atlassian},
	url = {https://www.atlassian.com},
}

@software{confluence,
	name = {Confluence},
	url = {https://www.atlassian.com/de/software/confluence},
	description-de = {Wiki-Software der Firma \gls {atlassian}},
}

@software{dinglehopper,
	description-de = {Ein Tool zur Evaluierung von \gls {ocr} Ergebnissen.},
	license = {Apache-2.0},
	name = {\texttt {dinglehopper}},
	url = {https://github.com/qurator-spk/dinglehopper},
}

@software{etherpadlite,
	name = {etherpad-lite},
	description-de = {},
	url = {},
}

@software{git,
	name = {\texttt {git}},
	description-de = {Eine von Linus Torwals entwickeltes \gls {versioncontrolsystem}.},
	url = {https://git-scm.com/},
	license = {GPLv2},
	seealso = {versioncontrolsystem},
}

@software{gitea,
	name = {GiTea},
	url = {gitea.io},
	license = {MIT},
	seealso = {git},
	description-de = {\foreigntextquote {english}[\autocite {gitea:homepage}]{ Gitea is a community managed lightweight code hosting solution written in Go }},
}

@software{gitea10-3,
	version = {10.3},
	url = {gitea.io},
	name = {GiTea - Version 10.3},
	crossref = {gitea},
	seealso = {git},
}

@software{gitea11-3,
	version = {11.3},
	url = {gitea.io},
	crossref = {gitea},
	name = {GiTea - Version 11.3},
	seealso = {git},
}

@software{icinga2,
	name = {Icinga 2},
	url = {https://icinga.com/docs/icinga2/latest/},
	description-de = {Monitoring L\"osung der Icinga GmbH},
}

@jinja2var{j2:ansible:distribution,
	name = {ansible\_distribution},
}

@jinja2var{j2:default:base:path,
	name = {APPLICATION\\\_base\\\_path},
}

@jinja2var{j2:default:conf:path,
	name = {APPLICATION\\\_conf\\\_path},
}

@jinja2var{j2:default:version,
	name = {APPLICATION\_version},
}

@filename{meta:yml,
	name = {meta/main.yml},
}

@software{pre-commit,
	name = {pre-commit},
	url = {https://pre-commit.com/},
	description-de = {\foreigntextquote {english}[\autocite {pre-commit:homepage}]{ A framework for managing and maintaining multi-language pre-commit hooks }},
	license = {MIT},
}

@filename{requirements:yml,
	name = {requirements.yml},
}

@software{rocketchat,
	name = {Rocket.Chat},
	url = {https://rocket.chat/de/},
	description-de = {\textquote [\autocite {rocketchat:homepage}]{Die ultimative Kommunikationsplattform}},
}

@filename{sshconfig,
	name = {\textasciitilde /.ssh/config},
}

@software{traefik,
	name = {Traefik},
	url = {https://traefik.io/traefik/},
}
