@online{FKT:Leitlinien:2019,
	title = {LEITLINIEN f端r die Bearbeitung und Dokumentation der Module  Praxisprojekt I bis III, Studienarbeit I/II,  Bachelorarbeit},
	institution = {Duale Hochschule Baden-W端rttemberg},
	author = {Fachkommission Technik},
	month = {9},
	year = {2019},
	urldate = {2022-04-20},
	url = {https://www.mannheim.dhbw.de/fileadmin/user_upload/Studienangebot/Technik/__Downloads/Leitlinien-fuer-Bearbeitung-und-Dokumentation-FKT-DHBW-201909.pdf},
}

@online{FKT:Leitlinien:2021,
	title = {LEITLINIEN f端r die Bearbeitung und Dokumentation der Module  Praxisprojekt I bis III, Studienarbeit I/II,  Bachelorarbeit},
	institution = {Duale Hochschule Baden-W端rttemberg},
	author = {Fachkommission Technik},
	month = {10},
	year = {2021},
	urldate = {2022-04-20},
	url = {https://www.dhbw.de/fileadmin/user_upload/Dokumente/Dokumente_fuer_Studierende/191212_Leitlinien_Praxismodule_Studien_Bachelorarbeiten.pdf},
}
