% Encoding: UTF-8

@Online{BasuVersioning,
  author  = {Aditya Basu},
  title   = {Versioning Resume (\& LaTeX docs) using Git SHA},
  date    = {2019-07-05},
  url     = {https://www.adityabasu.me/blog/2019/07/resume-with-git-sha-version/},
  urldate = {2020-09-26},
}

@Online{stack:tex:filetovar,
  author  = {TH and abyshukla},
  title   = {Read a file and store its contents in a variable},
  date    = {2017-06-28},
  url     = {https://tex.stackexchange.com/questions/377118/read-a-file-and-store-its-contents-in-a-variable},
  urldate = {2020-09-26},
}

@Comment{jabref-meta: databaseType:biblatex;}
