%comment{This file was created with betterbib v4.0.0.}


@online{newbedev:LaTeXPackage,
	author = {newbedev},
	title = {How do I create a LaTeX package? | Newbedev},
	url = {https://newbedev.com/how-do-i-create-a-latex-package},
	year = {2021},
	urldate = {2021-08-12},
}

@online{overleaf:Writing_your_own_package,
	author = {Overleaf},
	title = {Writing your own package},
	url = {https://de.overleaf.com/learn/latex/Writing_your_own_package},
	year = {2021},
	urldate = {2021-08-12},
}
