@online{stack:tex:algorithm2e-in-tcolorbox,
    url = {https://tex.stackexchange.com/questions/192280/use-algorithm2e-inside-tcolorbox},
    urldate = {2022-09-12},
    date = {2014-07-19},
    author = {Jesse and Michael Osl},
    title = {Use algorithm2e inside tcolorbox},
}