%comment{This file was created with betterbib v4.3.8.}


@online{texfaq:Patching,
 title = {Patching existing commands},
 url = {https://texfaq.org/FAQ-patch},
 urldate = {2022-06-07},
}
