 @online{stack:tex:minted-pagebreak,
    url = {https://tex.stackexchange.com/questions/368864/pagebreak-for-minted-in-figure},
    title = {Pagebreak for minted in figure},
    author = {alpenwasser and user133284},
    date = {2017-05-09},
    urldate = {2022-09-12},
 }