@online{stack:tex:amsthm-break,
    url = {https://tex.stackexchange.com/questions/37797/theorem-environment-line-break-after-label},
    urldate = {2022-09-13},
    date = {2011-12-10},
    author = {Gonzalo Medina and Meinzlein},
    title = {Theorem environment - line break after label [duplicate]},
}