%comment{This file was created with betterbib v3.5.16.}


@online{stack:tex:iftwoside,
	author = {{dani} and {Schro\"oder, Martin} and {user}},
	title = {How do I check if a document is ``oneside'' or ``twoside''?},
	year = {2017},
	url = {https://tex.stackexchange.com/questions/360785/how-do-i-check-if-a-document-is-oneside-or-twoside},
	urldate = {2021-08-11},
}

@online{stack:tex:warnings,
	author = {fiktor and Carlisle, David and Phillip and Martin},
	title = {macros - Is there any way to generate custom errors/warnings in LaTeX? - TeX - LaTeX Stack Exchange},
	url = {https://tex.stackexchange.com/questions/3306/is-there-any-way-to-generate-custom-errors-warnings-in-latex},
	urldate = {2021-08-17},
}

@online{stack:tex:stix-textcomp,
	url = {https://tex.stackexchange.com/questions/342797/using-stix-fonts-with-pdflatex-option-clash-for-package-textcomp},
	urldate = {2022-09-12},
	date = {2016-12-07},
	author = {Joseph Wright and Raaja\_is\_at\_topanswers.xyz},
	title = {Using stix fonts with pdfLaTeX: "Option clash for package textcomp."},
}