%comment{This file was created with betterbib v4.0.0.}


@editor{editor:ArphaWriter,
	name = {ARPHA Writing Tool},
	url = {https://arpha.pensoft.net/},
	last-commit = {},
	offline = {},
	preview = {\color {green}\ding {51}},
	foss = {\color {red}\ding {55}},
	description-de = {\textquote [pensoft.netARPHA]{\gls {editor:ArphaWriter} ist ein \gls {wysiwyg}[-Editor]}},
	multiuser = {},
	differential = {},
	userfriendly = {},
	extendable = {},
}

@editor{editor:CodiMD,
	name = {CodiMD},
	url = {https://hackmd.io/c/codimd-documentation},
	last-commit = {2021-07-09},
	offline = {\color {red}\ding {55}},
	preview = {\color {green}\ding {51}},
	foss = {\color {green}\ding {51}},
	description-de = {\textquote [{\autocite {github:hackmdioREADME}}]{\glsxtrp {name}{editor:CodiMD} ist die freie Version von \glsxtrp {name}{editor:HackMD}}\\ Differentielle Speicherung ist durch die Anbindung an \gls {gitlab} bzw. GitHub m\"oglich},
	multiuser = {\color {green}\ding {51}},
	differential = {\color {green}\ding {51}},
	userfriendly = {\color {green}\ding {51}},
	extendable = {\color {green}\ding {51}},
}

@editor{editor:Dillinger,
	name = {Dillinger},
	url = {https://dillinger.io/},
	last-commit = {2021-08-19},
	offline = {\color {green}\ding {51}},
	preview = {\color {green}\ding {51}},
	foss = {\color {green}\ding {51}},
	description-de = {\textquote [{\autocite {github:DillingerReadme}}]{\glsxtrp {name}{editor:Dillinger} ist ein Cloud-f\"ahiger, mobile Ger\"ate unterst\"utzender, offline Speicher kompatibler \gls {markdown}[-Editor] auf Basis von HTML5 und angular-JS.}\\ Differentielle Speicherung ist durch die Anbindung an \gls {gitlab} bzw. GitHub m\"oglich},
	multiuser = {\color {red}\ding {55}},
	differential = {\color {green}\ding {51}},
	userfriendly = {\color {red}\ding {55}},
	extendable = {\color {green}\ding {51}},
}

@editor{editor:FidusWriter,
	name = {Fidus Writer},
	url = {https://www.fiduswriter.org/},
	last-commit = {2021-08-22},
	offline = {\color {red}\ding {55}},
	preview = {\color {red}\ding {55}},
	foss = {\color {green}\ding {51}},
	description-de = {\textquote [\autocite {FidusWriter:how-it-works}]{\glsxtrp {name}{editor:FidusWriter} ist ein kollaborativer \glsxtrp {name}{onlineeditor} f\"ur Akademiker, die Zitationen und/oder Formeln verwenden}},
	multiuser = {\color {green}\ding {51}},
	differential = {\color {green}\ding {51}},
	userfriendly = {\color {green}\ding {51}},
	extendable = {\color {green}\ding {51}},
}

@editor{editor:GoogleDocs,
	name = {Google Docs},
	url = {https://www.google.com/docs/about/},
	last-commit = {},
	offline = {},
	preview = {\color {green}\ding {51}},
	foss = {\color {red}\ding {55}},
	description-de = {\glsxtrp {name}{editor:GoogleDocs} ist eine kollaborativer \gls {onlineeditor}},
	multiuser = {\color {green}\ding {51}},
	differential = {\color {green}\ding {51}},
	userfriendly = {\color {green}\ding {51}},
	extendable = {\color {green}\ding {51}},
}

@editor{editor:HackMD,
	name = {HackMD},
	url = {https://hackmd.io/},
	last-commit = {2021-07-09},
	offline = {\color {red}\ding {55}},
	preview = {\color {green}\ding {51}},
	foss = {\color {red}\ding {55}},
	description-de = {\textquote [\autocite {github:hackmdioREADME}]{Echtzeit Zusammenarbeit an \textelp {} Dokumenten}.\\ Differentielle Speicherung ist durch die Anbindung an \gls {gitlab} bzw. GitHub m\"oglich},
	multiuser = {\color {green}\ding {51}},
	differential = {\color {green}\ding {51}},
	userfriendly = {\color {green}\ding {51}},
	extendable = {\color {green}\ding {51}},
}

@editor{editor:HedgeDoc,
	name = {HedgeDoc},
	url = {https://hedgedoc.org/},
	last-commit = {2021-08-30},
	offline = {\color {red}\ding {55}},
	preview = {\color {green}\ding {51}},
	foss = {\color {green}\ding {51}},
	description-de = {\glsxtrp {name}{editor:HedgeDoc} ist ein Communty-Fork von \glsxtrp {name}{editor:CodiMD}\autocite {hedgedoc:history}},
	multiuser = {\color {green}\ding {51}},
	differential = {},
	userfriendly = {\color {green}\ding {51}},
	extendable = {\color {green}\ding {51}},
}

@editor{editor:Markdownit,
	name = {markdown-it},
	url = {https://markdown-it.github.io/},
	last-commit = {2021-08-02},
	offline = {\color {red}\ding {55}},
	preview = {\color {green}\ding {51}},
	foss = {\color {green}\ding {51}},
	description-de = {\glsxtrp {name}{editor:Markdownit} ist ein \gls {markdown}[-Parser], der zur Verwendung in eigenen Applikationen genutzt werden kann.},
	multiuser = {\color {red}\ding {55}},
	differential = {\color {red}\ding {55}},
	userfriendly = {\color {red}\ding {55}},
	extendable = {\color {green}\ding {51}},
}

@editor{editor:StackEdit,
	name = {StackEdit},
	url = {https://stackedit.io/},
	last-commit = {2021-03-29},
	offline = {\color {green}\ding {51}},
	preview = {\color {green}\ding {51}},
	foss = {\color {green}\ding {51}},
	description-de = {\glsxtrp {name}{editor:StackEdit} ist ein erweiterbarer {\gls {markdown}[-Editor]} im Browser, der auch einen Offline-Modus bietet\autocite {StackEdit}.\\ Differentielle Speicherung ist durch einen Export in \gls {gitlab}, GitHub oder \"ahnliche Versionsverwaltungsprogramme m\"oglich},
	multiuser = {\color {red}\ding {55}},
	differential = {\color {green}\ding {51}},
	userfriendly = {\color {green}\ding {51}},
	extendable = {\color {green}\ding {51}},
}

@editor{editor:Texture,
	name = {Texture},
	url = {https://github.com/substance/texture},
	last-commit = {2019-08-10},
	offline = {\color {green}\ding {51}},
	online = {\color {red}\ding {55}},
	preview = {\color {green}\ding {51}},
	foss = {\color {green}\ding {51}},
	description-de = {\textquote [\autocite {github:substanceREADME}]{Texture ist ein Toolset f\"ur die Erzeugung von wissenschaftlichen Inhalten.}},
	multiuser = {\color {red}\ding {55}},
	differential = {\color {red}\ding {55}},
	userfriendly = {\color {green}\ding {51}},
	extendable = {\color {green}\ding {51}},
}

@editor{editor:etherpad,
	name = {etherpad},
	url = {https://etherpad.org/},
	last-commit = {2021-04-21},
	offline = {\color {red}\ding {55}},
	online = {\color {green}\ding {51}},
	preview = {\color {red}\ding {55}},
	foss = {\color {green}\ding {51}},
	description-de = {\textquote [\autocite {Etherpad}]{\glsxtrp {name}{editor:etherpad} ist ein hochgradig anpassbarer, opensource \glsxtrp {name}{onlineeditor}, der kollaboratives Editieren in Echtzeit erlaubt}},
	multiuser = {\color {green}\ding {51}},
	differential = {\color {red}\ding {55}},
	userfriendly = {\color {green}\ding {51}},
	extendable = {\color {green}\ding {51}},
}

@editor{editor:gitlabwebide,
	name = {GitLab Web-IDE},
	url = {https://docs.gitlab.com/ee/user/project/web_ide/},
	last-commit = {},
	offline = {},
	preview = {},
	foss = {\color {green}\ding {51}},
	description-de = {},
	multiuser = {},
	differential = {},
	userfriendly = {},
	extendable = {},
}

@editor{editor:word,
	name = {Microsoft Word},
	url = {https://office.live.com/start/word.aspx},
	last-commit = {},
	offline = {\color {green}\ding {51}},
	preview = {\color {green}\ding {51}},
	foss = {\color {red}\ding {55}},
	description-de = {Propriet\"arer Editor der Firma Microsoft},
	multiuser = {},
	differential = {},
	userfriendly = {\color {green}\ding {51}},
	extendable = {\color {green}\ding {51}},
}

@editor{editor:writer,
	name = {LibreOffice Writer},
	url = {https://de.libreoffice.org/discover/writer/},
	last-commit = {},
	offline = {\color {green}\ding {51}},
	preview = {\color {green}\ding {51}},
	foss = {\color {green}\ding {51}},
	description-de = {OpenSource Textverarbeitungsprogramm von \href {https://www.documentfoundation.org/}{The Document Foundation}},
	multiuser = {},
	differential = {},
	userfriendly = {\color {green}\ding {51}},
	extendable = {\color {green}\ding {51}},
}

@editor{editor:zettlr,
	name = {Zettlr},
	url = {https://www.zettlr.com/},
	last-commit = {2021-08-25},
	offline = {\color {green}\ding {51}},
	preview = {\color {green}\ding {51}},
	foss = {\color {green}\ding {51}},
	description-de = {\glsxtrp {name}{editor:zettlr} ist eine \gls {markdown}[-Editor]},
	multiuser = {\color {red}\ding {55}},
	differential = {\color {red}\ding {55}},
	userfriendly = {\color {green}\ding {51}},
	extendable = {\color {green}\ding {51}},
}
