
@hardware{hardware:dell:08R8KJ,
 name = {Dell Precision 5510},
 model = {Precision 5510},
 mem = {64161MiB},
 gpu = {Intel HD Graphics P530 (256M),NVIDIA Quadro M1000M (2048MiB)},
 cpu = {Intel Xeon E3-1505M v5 (8) \@ 3.700GHz},
}

% TODO get graphics memory for lenovo
@hardware{hardware:lenovo:20S1S06B00,
    name = {Lenovo T14},
    model = {20S1S06B00 ThinkPad T14 Gen 1},
    cpu = {Intel i5-10210U (8) \@ 4.200GHz},
    gpu = {Intel CometLake-U GT2 [UHD Graphics] (256M)},
    mem = {15661MiB},
}